<?xml version="1.0" encoding="UTF-8"?>
<!DOCTYPE html PUBLIC "-//W3C//DTD XHTML 1.0 Transitional//EN"
    "http://www.w3.org/TR/xhtml1/DTD/xhtml1-transitional.dtd">
<html xmlns="http://www.w3.org/1999/xhtml" xml:lang="en" lang="en">
 <head>
  <title>
</title>
<meta http-equiv="Content-Type" content="text/html;charset=utf-8" />
  <meta name='ocr-system' content='tesseract 3.04.00' />
  <meta name='ocr-capabilities' content='ocr_page ocr_carea ocr_par ocr_line ocrx_word'/>
</head>
<body>
  <div class='ocr_page' id='page_1' title='image "4777043_0039.png"; bbox 0 0 2911 3749; ppageno 0'>
   <div class='ocr_carea' id='block_1_1' title="bbox 1299 196 1356 237">
    <p class='ocr_par' dir='ltr' id='par_1_1' title="bbox 1299 196 1356 237">
     <span class='ocr_line' id='line_1_1' title="bbox 1299 196 1356 237; baseline 0 0"><span class='ocrx_word' id='word_1_1' title='bbox 1299 196 1356 237; x_wconf 76' lang='lat'>19</span> 
     </span>
    </p>
   </div>
   <div class='ocr_carea' id='block_1_2' title="bbox 1191 254 1465 263">
    <p class='ocr_par' dir='ltr' id='par_1_2' title="bbox 1191 254 1465 263">
     <span class='ocr_line' id='line_1_2' title="bbox 1191 254 1465 263; baseline 0 3486"><span class='ocrx_word' id='word_1_2' title='bbox 1191 254 1465 263; x_wconf 95' lang='lat' dir='ltr'> </span> 
     </span>
    </p>
   </div>
   <div class='ocr_carea' id='block_1_3' title="bbox 94 306 2562 3018">
    <p class='ocr_par' dir='ltr' id='par_1_3' title="bbox 98 306 2555 438">
     <span class='ocr_line' id='line_1_3' title="bbox 300 306 2555 366; baseline -0.002 -12"><span class='ocrx_word' id='word_1_3' title='bbox 300 311 451 355; x_wconf 83' lang='lat' dir='ltr'>lterum</span> <span class='ocrx_word' id='word_1_4' title='bbox 478 309 698 366; x_wconf 77' lang='lat' dir='ltr'>persuadet</span> <span class='ocrx_word' id='word_1_5' title='bbox 724 309 889 366; x_wconf 78' lang='lat' dir='ltr'>populo.</span> <span class='ocrx_word' id='word_1_6' title='bbox 946 309 1110 354; x_wconf 77' lang='lat' dir='ltr'>Foedus</span> <span class='ocrx_word' id='word_1_7' title='bbox 1138 309 1247 364; x_wconf 84' lang='lat' dir='ltr'>qnod</span> <span class='ocrx_word' id='word_1_8' title='bbox 1274 310 1457 364; x_wconf 75' lang='lat' dir='ltr'><strong>Olynthii</strong></span> <span class='ocrx_word' id='word_1_9' title='bbox 1485 323 1558 352; x_wconf 90' lang='lat' dir='ltr'>sua</span> <span class='ocrx_word' id='word_1_10' title='bbox 1585 323 1679 352; x_wconf 90' lang='lat' dir='ltr'>cum</span> <span class='ocrx_word' id='word_1_11' title='bbox 1706 308 1901 364; x_wconf 75' lang='lat' dir='ltr'>Philippo</span> <span class='ocrx_word' id='word_1_12' title='bbox 1927 307 2117 363; x_wconf 86' lang='lat' dir='ltr'>pactione</span> <span class='ocrx_word' id='word_1_13' title='bbox 2146 306 2385 359; x_wconf 71' lang='lat' dir='ltr'>solvissent,</span> <span class='ocrx_word' id='word_1_14' title='bbox 2434 320 2555 350; x_wconf 84' lang='lat' dir='ltr'>reno-</span> 
     </span>
     <span class='ocr_line' id='line_1_4' title="bbox 98 376 2555 438; baseline -0.004 -13"><span class='ocrx_word' id='word_1_15' title='bbox 98 386 212 425; x_wconf 83' lang='lat' dir='ltr'>vatur</span> <span class='ocrx_word' id='word_1_16' title='bbox 237 380 366 438; x_wconf 73' lang='grc' dir='ltr'>(τριτη</span> <span class='ocrx_word' id='word_1_17' title='bbox 390 387 601 433; x_wconf 71' lang='grc' dir='ltr'>συμμαχία,</span> <span class='ocrx_word' id='word_1_18' title='bbox 625 380 786 433; x_wconf 63' lang='lat' dir='ltr'>mom).</span> <span class='ocrx_word' id='word_1_19' title='bbox 833 379 1079 422; x_wconf 86' lang='lat' dir='ltr'>Promittnnt</span> <span class='ocrx_word' id='word_1_20' title='bbox 1096 378 1383 430; x_wconf 67' lang='lat' dir='ltr'>Athenienses,</span> <span class='ocrx_word' id='word_1_21' title='bbox 1411 393 1458 420; x_wconf 89' lang='lat' dir='ltr'>se</span> <span class='ocrx_word' id='word_1_22' title='bbox 1483 380 1532 420; x_wconf 85' lang='lat' dir='ltr'>iis</span> <span class='ocrx_word' id='word_1_23' title='bbox 1559 379 1710 419; x_wconf 86' lang='lat' dir='ltr'>bellum</span> <span class='ocrx_word' id='word_1_24' title='bbox 1738 377 1913 431; x_wconf 80' lang='lat' dir='ltr'>gesturis</span> <span class='ocrx_word' id='word_1_25' title='bbox 1941 377 2142 429; x_wconf 81' lang='lat' dir='ltr'>praesidio</span> <span class='ocrx_word' id='word_1_26' title='bbox 2159 376 2251 417; x_wconf 71' lang='lat' dir='ltr'>bre</span> <span class='ocrx_word' id='word_1_27' title='bbox 2272 377 2352 426; x_wconf 90' lang='grc' dir='ltr'><strong>(ΟΙ.</strong></span> <span class='ocrx_word' id='word_1_28' title='bbox 2376 376 2443 425; x_wconf 89' lang='lat' dir='ltr'>lll,</span> <span class='ocrx_word' id='word_1_29' title='bbox 2463 376 2555 430; x_wconf 74' lang='lat'>16).</span> 
     </span>
    </p>

    <p class='ocr_par' dir='ltr' id='par_1_4' title="bbox 101 444 2556 710">
     <span class='ocr_line' id='line_1_5' title="bbox 304 444 2555 504; baseline -0.004 -12"><span class='ocrx_word' id='word_1_30' title='bbox 304 448 390 492; x_wconf 80' lang='lat' dir='ltr'>Sed</span> <span class='ocrx_word' id='word_1_31' title='bbox 406 449 671 502; x_wconf 15' lang='lat' dir='ltr'>*quantumvis</span> <span class='ocrx_word' id='word_1_32' title='bbox 697 453 837 492; x_wconf 87' lang='lat' dir='ltr'>orator</span> <span class='ocrx_word' id='word_1_33' title='bbox 862 462 939 504; x_wconf 83' lang='lat' dir='ltr'>pro</span> <span class='ocrx_word' id='word_1_34' title='bbox 965 447 1098 490; x_wconf 81' lang='lat' dir='ltr'>salute</span> <span class='ocrx_word' id='word_1_35' title='bbox 1122 447 1371 501; x_wconf 81' lang='lat' dir='ltr'>reipublicae</span> <span class='ocrx_word' id='word_1_36' title='bbox 1396 448 1638 498; x_wconf 88' lang='lat' dir='ltr'>elaboraret,</span> <span class='ocrx_word' id='word_1_37' title='bbox 1667 446 1786 487; x_wconf 84' lang='lat' dir='ltr'>nullis</span> <span class='ocrx_word' id='word_1_38' title='bbox 1812 450 1948 487; x_wconf 86' lang='lat' dir='ltr'>tamen</span> <span class='ocrx_word' id='word_1_39' title='bbox 1973 445 2127 484; x_wconf 74' lang='lat' dir='ltr'>artibus</span> <span class='ocrx_word' id='word_1_40' title='bbox 2152 445 2339 498; x_wconf 81' lang='lat' dir='ltr'>ignavum</span> <span class='ocrx_word' id='word_1_41' title='bbox 2363 444 2555 498; x_wconf 76' lang='lat' dir='ltr'>populum</span> 
     </span>
     <span class='ocr_line' id='line_1_6' title="bbox 101 513 2556 571; baseline -0.004 -9"><span class='ocrx_word' id='word_1_42' title='bbox 101 526 144 562; x_wconf 87' lang='lat' dir='ltr'>et</span> <span class='ocrx_word' id='word_1_43' title='bbox 168 521 357 568; x_wconf 80' lang='lat' dir='ltr'>inertem,</span> <span class='ocrx_word' id='word_1_44' title='bbox 389 517 457 569; x_wconf 84' lang='lat' dir='ltr'>qui</span> <span class='ocrx_word' id='word_1_45' title='bbox 486 517 643 571; x_wconf 84' lang='lat' dir='ltr'>legibus</span> <span class='ocrx_word' id='word_1_46' title='bbox 672 517 834 570; x_wconf 85' lang='lat' dir='ltr'>quidem</span> <span class='ocrx_word' id='word_1_47' title='bbox 861 517 1049 557; x_wconf 84' lang='lat' dir='ltr'>universe</span> <span class='ocrx_word' id='word_1_48' title='bbox 1077 515 1191 556; x_wconf 87' lang='lat' dir='ltr'>iussit</span> <span class='ocrx_word' id='word_1_49' title='bbox 1217 516 1319 556; x_wconf 81' lang='lat' dir='ltr'>ferri</span> <span class='ocrx_word' id='word_1_50' title='bbox 1347 516 1558 565; x_wconf 85' lang='lat' dir='ltr'>auxilium,</span> <span class='ocrx_word' id='word_1_51' title='bbox 1601 515 1674 555; x_wconf 86' lang='lat' dir='ltr'>sed</span> <span class='ocrx_word' id='word_1_52' title='bbox 1703 515 1805 554; x_wconf 81' lang='lat' dir='ltr'>nihil</span> <span class='ocrx_word' id='word_1_53' title='bbox 1833 515 1924 567; x_wconf 79' lang='lat' dir='ltr'>ipse</span> <span class='ocrx_word' id='word_1_54' title='bbox 1953 524 2103 564; x_wconf 78' lang='lat' dir='ltr'>agens,</span> <span class='ocrx_word' id='word_1_55' title='bbox 2135 514 2348 564; x_wconf 84' lang='lat' dir='ltr'>pecuniam</span> <span class='ocrx_word' id='word_1_56' title='bbox 2375 513 2556 553; x_wconf 75' lang='lat' dir='ltr'>theatra·-</span> 
     </span>
     <span class='ocr_line' id='line_1_7' title="bbox 106 581 2555 639; baseline -0.003 -12"><span class='ocrx_word' id='word_1_57' title='bbox 106 589 187 628; x_wconf 91' lang='lat' dir='ltr'>lem</span> <span class='ocrx_word' id='word_1_58' title='bbox 214 585 416 626; x_wconf 89' lang='lat' dir='ltr'>imbibens</span> <span class='ocrx_word' id='word_1_59' title='bbox 443 586 553 627; x_wconf 90' lang='lat' dir='ltr'>domi</span> <span class='ocrx_word' id='word_1_60' title='bbox 581 586 772 639; x_wconf 86' lang='lat' dir='ltr'>degebat,</span> <span class='ocrx_word' id='word_1_61' title='bbox 798 586 975 626; x_wconf 85' lang='lat' dir='ltr'>alacrem</span> <span class='ocrx_word' id='word_1_62' title='bbox 999 583 1176 625; x_wconf 76' lang='lat' dir='ltr'>reddere</span> <span class='ocrx_word' id='word_1_63' title='bbox 1203 589 1247 624; x_wconf 90' lang='lat' dir='ltr'>et</span> <span class='ocrx_word' id='word_1_64' title='bbox 1273 585 1423 625; x_wconf 81' lang='lat' dir='ltr'>fortem</span> <span class='ocrx_word' id='word_1_65' title='bbox 1452 588 1625 637; x_wconf 88' lang='lat' dir='ltr'>poterat.</span> <span class='ocrx_word' id='word_1_66' title='bbox 1681 584 1789 635; x_wconf 76' lang='lat' dir='ltr'>Quid</span> <span class='ocrx_word' id='word_1_67' title='bbox 1823 583 1930 636; x_wconf 84' lang='lat' dir='ltr'>quod</span> <span class='ocrx_word' id='word_1_68' title='bbox 1973 581 2042 634; x_wconf 92' lang='lat' dir='ltr'>qui</span> <span class='ocrx_word' id='word_1_69' title='bbox 2078 581 2259 621; x_wconf 86' lang='lat' dir='ltr'>militiam</span> <span class='ocrx_word' id='word_1_70' title='bbox 2296 581 2555 634; x_wconf 80' lang='lat' dir='ltr'>subterfuge-</span> 
     </span>
     <span class='ocr_line' id='line_1_8' title="bbox 101 649 1436 710; baseline -0.001 -13"><span class='ocrx_word' id='word_1_71' title='bbox 101 659 208 707; x_wconf 86' lang='lat' dir='ltr'>rent,</span> <span class='ocrx_word' id='word_1_72' title='bbox 234 654 585 710; x_wconf 79' lang='lat' dir='ltr'>perniciosissimis</span> <span class='ocrx_word' id='word_1_73' title='bbox 614 653 942 697; x_wconf 87' lang='lat' dir='ltr'>sustentabantur</span> <span class='ocrx_word' id='word_1_74' title='bbox 969 651 1128 706; x_wconf 78' lang='lat' dir='ltr'>legibus</span> <span class='ocrx_word' id='word_1_75' title='bbox 1159 649 1251 707; x_wconf 87' lang='lat'>(111,</span> <span class='ocrx_word' id='word_1_76' title='bbox 1278 651 1317 707; x_wconf 71' lang='lat'>§-</span> <span class='ocrx_word' id='word_1_77' title='bbox 1347 650 1436 709; x_wconf 92' lang='lat'>11).</span> 
     </span>
    </p>

    <p class='ocr_par' dir='ltr' id='par_1_5' title="bbox 101 717 2559 1050">
     <span class='ocr_line' id='line_1_9' title="bbox 304 717 2559 776; baseline -0.004 -13"><span class='ocrx_word' id='word_1_78' title='bbox 304 722 463 764; x_wconf 75' lang='lat' dir='ltr'>Interea</span> <span class='ocrx_word' id='word_1_79' title='bbox 493 736 613 775; x_wconf 85' lang='lat' dir='ltr'>vero,</span> <span class='ocrx_word' id='word_1_80' title='bbox 656 735 747 763; x_wconf 90' lang='lat' dir='ltr'>cum</span> <span class='ocrx_word' id='word_1_81' title='bbox 776 721 846 763; x_wconf 89' lang='lat' dir='ltr'>hic</span> <span class='ocrx_word' id='word_1_82' title='bbox 874 722 997 776; x_wconf 88' lang='lat' dir='ltr'>plane</span> <span class='ocrx_word' id='word_1_83' title='bbox 1022 720 1124 760; x_wconf 88' lang='lat' dir='ltr'>nihil</span> <span class='ocrx_word' id='word_1_84' title='bbox 1151 721 1282 774; x_wconf 84' lang='lat' dir='ltr'>agitur</span> <span class='ocrx_word' id='word_1_85' title='bbox 1311 725 1354 761; x_wconf 91' lang='lat' dir='ltr'>et</span> <span class='ocrx_word' id='word_1_86' title='bbox 1382 721 1470 762; x_wconf 89' lang='lat' dir='ltr'>aliis</span> <span class='ocrx_word' id='word_1_87' title='bbox 1500 733 1596 762; x_wconf 89' lang='lat' dir='ltr'>cura</span> <span class='ocrx_word' id='word_1_88' title='bbox 1625 720 1856 774; x_wconf 80' lang='lat' dir='ltr'>Philippum</span> <span class='ocrx_word' id='word_1_89' title='bbox 1885 719 2147 772; x_wconf 84' lang='lat' dir='ltr'>propulsandi</span> <span class='ocrx_word' id='word_1_90' title='bbox 2178 718 2462 766; x_wconf 75' lang='lat' dir='ltr'><strong>committitur,</strong></span> <span class='ocrx_word' id='word_1_91' title='bbox 2490 717 2559 756; x_wconf 89' lang='lat' dir='ltr'>ille</span> 
     </span>
     <span class='ocr_line' id='line_1_10' title="bbox 106 785 2559 845; baseline -0.004 -11"><span class='ocrx_word' id='word_1_92' title='bbox 106 804 157 834; x_wconf 82' lang='lat' dir='ltr'>ex</span> <span class='ocrx_word' id='word_1_93' title='bbox 185 791 399 833; x_wconf 79' lang='lat' dir='ltr'>Thessalis</span> <span class='ocrx_word' id='word_1_94' title='bbox 422 803 610 832; x_wconf 85' lang='lat' dir='ltr'>reversus</span> <span class='ocrx_word' id='word_1_95' title='bbox 638 791 770 831; x_wconf 83' lang='lat' dir='ltr'>omnia</span> <span class='ocrx_word' id='word_1_96' title='bbox 799 792 1001 831; x_wconf 89' lang='lat' dir='ltr'>subiicere</span> <span class='ocrx_word' id='word_1_97' title='bbox 1029 793 1073 829; x_wconf 90' lang='lat' dir='ltr'>et</span> <span class='ocrx_word' id='word_1_98' title='bbox 1101 791 1308 841; x_wconf 89' lang='lat' dir='ltr'>sequentis</span> <span class='ocrx_word' id='word_1_99' title='bbox 1338 791 1430 830; x_wconf 83' lang='lat' dir='ltr'>anni</span> <span class='ocrx_word' id='word_1_100' title='bbox 1459 788 1543 845; x_wconf 88' lang='lat' dir='ltr'>(Ol.</span> <span class='ocrx_word' id='word_1_101' title='bbox 1573 790 1712 831; x_wconf 81' lang='lat' dir='ltr'>cvm.</span> <span class='ocrx_word' id='word_1_102' title='bbox 1745 788 1790 843; x_wconf 91' lang='lat'>1)</span> <span class='ocrx_word' id='word_1_103' title='bbox 1820 789 1934 827; x_wconf 88' lang='lat' dir='ltr'>initio</span> <span class='ocrx_word' id='word_1_104' title='bbox 1972 787 2266 840; x_wconf 79' lang='lat' dir='ltr'>Mecybernam</span> <span class='ocrx_word' id='word_1_105' title='bbox 2291 791 2334 826; x_wconf 91' lang='lat' dir='ltr'>et</span> <span class='ocrx_word' id='word_1_106' title='bbox 2362 785 2559 825; x_wconf 84' lang='lat' dir='ltr'>Toronen</span> 
     </span>
     <span class='ocr_line' id='line_1_11' title="bbox 109 853 2558 915; baseline -0.004 -13"><span class='ocrx_word' id='word_1_107' title='bbox 109 874 258 915; x_wconf 85' lang='lat' dir='ltr'>capere</span> <span class='ocrx_word' id='word_1_108' title='bbox 285 863 328 902; x_wconf 89' lang='lat' dir='ltr'>et</span> <span class='ocrx_word' id='word_1_109' title='bbox 358 859 575 912; x_wconf 77' lang='lat' dir='ltr'><strong>Olynthios</strong></span> <span class='ocrx_word' id='word_1_110' title='bbox 602 859 714 913; x_wconf 90' lang='lat' dir='ltr'>ipsos</span> <span class='ocrx_word' id='word_1_111' title='bbox 743 858 898 899; x_wconf 87' lang='lat' dir='ltr'>duabus</span> <span class='ocrx_word' id='word_1_112' title='bbox 922 858 1067 912; x_wconf 78' lang='lat' dir='ltr'>pugnis</span> <span class='ocrx_word' id='word_1_113' title='bbox 1095 858 1258 900; x_wconf 82' lang='lat' dir='ltr'>vincere</span> <span class='ocrx_word' id='word_1_114' title='bbox 1285 856 1428 914; x_wconf 78' lang='lat' dir='ltr'>(Diod.</span> <span class='ocrx_word' id='word_1_115' title='bbox 1459 859 1485 899; x_wconf 91' lang='grc' dir='ltr'>Ι.</span> <span class='ocrx_word' id='word_1_116' title='bbox 1513 856 1582 914; x_wconf 88' lang='lat' dir='ltr'>c.).</span> <span class='ocrx_word' id='word_1_117' title='bbox 1641 857 1862 899; x_wconf 86' lang='lat' dir='ltr'>Praeterea</span> <span class='ocrx_word' id='word_1_118' title='bbox 1900 856 1973 896; x_wconf 87' lang='lat' dir='ltr'>XL</span> <span class='ocrx_word' id='word_1_119' title='bbox 2014 857 2153 898; x_wconf 83' lang='lat' dir='ltr'>stadiis</span> <span class='ocrx_word' id='word_1_120' title='bbox 2192 857 2243 897; x_wconf 86' lang='lat' dir='ltr'>ab</span> <span class='ocrx_word' id='word_1_121' title='bbox 2281 855 2427 895; x_wconf 89' lang='lat' dir='ltr'>horum</span> <span class='ocrx_word' id='word_1_122' title='bbox 2456 853 2558 892; x_wconf 92' lang='lat' dir='ltr'>urbe</span> 
     </span>
     <span class='ocr_line' id='line_1_12' title="bbox 101 922 2558 980; baseline -0.003 -11"><span class='ocrx_word' id='word_1_123' title='bbox 101 929 303 977; x_wconf 90' lang='lat' dir='ltr'>remotus,</span> <span class='ocrx_word' id='word_1_124' title='bbox 352 931 398 968; x_wconf 88' lang='lat' dir='ltr'>ut</span> <span class='ocrx_word' id='word_1_125' title='bbox 433 931 592 968; x_wconf 87' lang='lat' dir='ltr'>terrore</span> <span class='ocrx_word' id='word_1_126' title='bbox 620 940 694 969; x_wconf 90' lang='lat' dir='ltr'>eos</span> <span class='ocrx_word' id='word_1_127' title='bbox 729 928 781 969; x_wconf 88' lang='lat' dir='ltr'>ad</span> <span class='ocrx_word' id='word_1_128' title='bbox 807 926 1054 968; x_wconf 86' lang='lat' dir='ltr'>deditionem</span> <span class='ocrx_word' id='word_1_129' title='bbox 1081 928 1309 980; x_wconf 76' lang='lat' dir='ltr'>subigeret,</span> <span class='ocrx_word' id='word_1_130' title='bbox 1356 932 1424 968; x_wconf 87' lang='lat' dir='ltr'>aut</span> <span class='ocrx_word' id='word_1_131' title='bbox 1449 927 1691 968; x_wconf 79' lang='lat' dir='ltr'>Macedouis</span> <span class='ocrx_word' id='word_1_132' title='bbox 1719 927 1795 967; x_wconf 90' lang='lat' dir='ltr'>sibi</span> <span class='ocrx_word' id='word_1_133' title='bbox 1824 929 1895 966; x_wconf 89' lang='lat' dir='ltr'>aut</span> <span class='ocrx_word' id='word_1_134' title='bbox 1920 925 1970 966; x_wconf 89' lang='lat' dir='ltr'>iis</span> <span class='ocrx_word' id='word_1_135' title='bbox 1998 924 2227 966; x_wconf 90' lang='lat' dir='ltr'>cedendum</span> <span class='ocrx_word' id='word_1_136' title='bbox 2254 922 2437 976; x_wconf 75' lang='lat' dir='ltr'><strong>Olyntho</strong></span> <span class='ocrx_word' id='word_1_137' title='bbox 2465 933 2558 974; x_wconf 87' lang='lat' dir='ltr'>pro-</span> 
     </span>
     <span class='ocr_line' id='line_1_13' title="bbox 102 991 1348 1050; baseline -0.002 -14"><span class='ocrx_word' id='word_1_138' title='bbox 102 994 306 1036; x_wconf 84' lang='lat' dir='ltr'>nunciavit</span> <span class='ocrx_word' id='word_1_139' title='bbox 335 991 460 1050; x_wconf 83' lang='lat' dir='ltr'>(Phil.</span> <span class='ocrx_word' id='word_1_140' title='bbox 488 993 555 1046; x_wconf 87' lang='lat'>111,</span> <span class='ocrx_word' id='word_1_141' title='bbox 584 992 625 1047; x_wconf 82' lang='lat'>§.</span> <span class='ocrx_word' id='word_1_142' title='bbox 648 993 718 1045; x_wconf 87' lang='lat'>11,</span> <span class='ocrx_word' id='word_1_143' title='bbox 748 994 802 1036; x_wconf 81' lang='lat' dir='ltr'>cf.</span> <span class='ocrx_word' id='word_1_144' title='bbox 829 993 901 1037; x_wconf 82' lang='lat' dir='ltr'>Or.</span> <span class='ocrx_word' id='word_1_145' title='bbox 930 993 992 1033; x_wconf 87' lang='lat' dir='ltr'>De</span> <span class='ocrx_word' id='word_1_146' title='bbox 1017 993 1227 1047; x_wconf 45' lang='lat' dir='ltr'>Chers.„§.</span> <span class='ocrx_word' id='word_1_147' title='bbox 1256 991 1348 1049; x_wconf 80' lang='lat'>59).</span> 
     </span>
    </p>

    <p class='ocr_par' dir='ltr' id='par_1_6' title="bbox 96 1056 2561 1727">
     <span class='ocr_line' id='line_1_14' title="bbox 304 1056 2560 1116; baseline -0.003 -13"><span class='ocrx_word' id='word_1_148' title='bbox 304 1063 389 1104; x_wconf 85' lang='lat' dir='ltr'>Sed</span> <span class='ocrx_word' id='word_1_149' title='bbox 423 1067 520 1103; x_wconf 89' lang='lat' dir='ltr'>aute</span> <span class='ocrx_word' id='word_1_150' title='bbox 554 1075 672 1116; x_wconf 89' lang='lat' dir='ltr'>quam</span> <span class='ocrx_word' id='word_1_151' title='bbox 708 1063 791 1104; x_wconf 88' lang='lat' dir='ltr'>hoc</span> <span class='ocrx_word' id='word_1_152' title='bbox 826 1063 897 1103; x_wconf 88' lang='lat' dir='ltr'>ille</span> <span class='ocrx_word' id='word_1_153' title='bbox 931 1061 1135 1102; x_wconf 87' lang='lat' dir='ltr'>secundae</span> <span class='ocrx_word' id='word_1_154' title='bbox 1170 1062 1358 1102; x_wconf 73' lang='lat' dir='ltr'>fortunae</span> <span class='ocrx_word' id='word_1_155' title='bbox 1395 1063 1599 1116; x_wconf 71' lang='lat' dir='ltr'>fastigiosa</span> <span class='ocrx_word' id='word_1_156' title='bbox 1627 1062 1899 1111; x_wconf 68' lang='lat' dir='ltr'>aescenderet,</span> <span class='ocrx_word' id='word_1_157' title='bbox 1927 1060 2112 1113; x_wconf 78' lang='lat' dir='ltr'>Olynthii</span> <span class='ocrx_word' id='word_1_158' title='bbox 2141 1061 2232 1113; x_wconf 87' lang='lat' dir='ltr'>ipso</span> <span class='ocrx_word' id='word_1_159' title='bbox 2261 1058 2422 1111; x_wconf 75' lang='lat' dir='ltr'>olymp.</span> <span class='ocrx_word' id='word_1_160' title='bbox 2452 1056 2560 1098; x_wconf 85' lang='lat' dir='ltr'>cvn</span> 
     </span>
     <span class='ocr_line' id='line_1_15' title="bbox 104 1127 2561 1189; baseline -0.003 -16"><span class='ocrx_word' id='word_1_161' title='bbox 104 1144 210 1173; x_wconf 89' lang='lat' dir='ltr'>anno</span> <span class='ocrx_word' id='word_1_162' title='bbox 234 1136 376 1185; x_wconf 84' lang='lat' dir='ltr'>quarto</span> <span class='ocrx_word' id='word_1_163' title='bbox 404 1131 549 1171; x_wconf 89' lang='lat' dir='ltr'>iterum</span> <span class='ocrx_word' id='word_1_164' title='bbox 575 1130 756 1173; x_wconf 83' lang='lat' dir='ltr'>Athenas</span> <span class='ocrx_word' id='word_1_165' title='bbox 782 1132 998 1181; x_wconf 88' lang='lat' dir='ltr'>miserant,</span> <span class='ocrx_word' id='word_1_166' title='bbox 1037 1142 1091 1169; x_wconf 92' lang='lat' dir='ltr'>ne</span> <span class='ocrx_word' id='word_1_167' title='bbox 1118 1143 1166 1171; x_wconf 90' lang='lat' dir='ltr'>se</span> <span class='ocrx_word' id='word_1_168' title='bbox 1192 1130 1375 1171; x_wconf 87' lang='lat' dir='ltr'>devictos</span> <span class='ocrx_word' id='word_1_169' title='bbox 1403 1129 1816 1185; x_wconf 68' lang='grc' dir='ltr'><strong>(καταπολεμηθέντας,</strong></span> <span class='ocrx_word' id='word_1_170' title='bbox 1849 1127 2052 1183; x_wconf 74' lang='grc' dir='ltr'>ΡΙιίΙοσΙι.)</span> <span class='ocrx_word' id='word_1_171' title='bbox 2082 1129 2340 1189; x_wconf 60' lang='lat' dir='ltr'>negligerent</span> <span class='ocrx_word' id='word_1_172' title='bbox 2377 1127 2561 1178; x_wconf 81' lang='lat' dir='ltr'>impense</span> 
     </span>
     <span class='ocr_line' id='line_1_16' title="bbox 99 1193 2559 1253; baseline -0.003 -14"><span class='ocrx_word' id='word_1_173' title='bbox 99 1202 324 1252; x_wconf 76' lang='lat' dir='ltr'>rogaturos.</span> <span class='ocrx_word' id='word_1_174' title='bbox 382 1199 463 1239; x_wconf 85' lang='lat' dir='ltr'>Hic</span> <span class='ocrx_word' id='word_1_175' title='bbox 499 1210 598 1239; x_wconf 83' lang='lat' dir='ltr'>vero</span> <span class='ocrx_word' id='word_1_176' title='bbox 634 1199 742 1253; x_wconf 83' lang='lat' dir='ltr'>vulgi</span> <span class='ocrx_word' id='word_1_177' title='bbox 777 1199 876 1239; x_wconf 87' lang='lat' dir='ltr'>mihi</span> <span class='ocrx_word' id='word_1_178' title='bbox 911 1199 1173 1238; x_wconf 84' lang='lat' dir='ltr'>Atheniensis</span> <span class='ocrx_word' id='word_1_179' title='bbox 1205 1199 1248 1236; x_wconf 87' lang='lat' dir='ltr'>id</span> <span class='ocrx_word' id='word_1_180' title='bbox 1275 1200 1470 1250; x_wconf 88' lang='lat' dir='ltr'>temporis</span> <span class='ocrx_word' id='word_1_181' title='bbox 1495 1199 1672 1238; x_wconf 84' lang='lat' dir='ltr'>indolem</span> <span class='ocrx_word' id='word_1_182' title='bbox 1699 1210 1921 1249; x_wconf 83' lang='lat' dir='ltr'>cognoscas</span> <span class='ocrx_word' id='word_1_183' title='bbox 1948 1198 2082 1236; x_wconf 85' lang='lat' dir='ltr'>velim.</span> <span class='ocrx_word' id='word_1_184' title='bbox 2142 1196 2222 1244; x_wconf 73' lang='lat' dir='ltr'>Qui</span> <span class='ocrx_word' id='word_1_185' title='bbox 2259 1196 2367 1234; x_wconf 87' lang='lat' dir='ltr'>enim</span> <span class='ocrx_word' id='word_1_186' title='bbox 2401 1193 2559 1244; x_wconf 77' lang='lat' dir='ltr'>legibus</span> 
     </span>
     <span class='ocr_line' id='line_1_17' title="bbox 99 1260 2559 1320; baseline -0.002 -14"><span class='ocrx_word' id='word_1_187' title='bbox 99 1267 188 1306; x_wconf 87' lang='lat' dir='ltr'>aliis</span> <span class='ocrx_word' id='word_1_188' title='bbox 217 1260 341 1320; x_wconf 81' lang='lat' dir='ltr'>super</span> <span class='ocrx_word' id='word_1_189' title='bbox 368 1268 466 1307; x_wconf 80' lang='lat' dir='ltr'>alias</span> <span class='ocrx_word' id='word_1_190' title='bbox 494 1267 586 1306; x_wconf 89' lang='lat' dir='ltr'>latis</span> <span class='ocrx_word' id='word_1_191' title='bbox 615 1279 737 1307; x_wconf 89' lang='lat' dir='ltr'>omne</span> <span class='ocrx_word' id='word_1_192' title='bbox 764 1268 1053 1320; x_wconf 78' lang='lat' dir='ltr'>pollicerentur</span> <span class='ocrx_word' id='word_1_193' title='bbox 1086 1265 1297 1316; x_wconf 83' lang='lat' dir='ltr'>auxilium,</span> <span class='ocrx_word' id='word_1_194' title='bbox 1346 1270 1602 1319; x_wconf 68' lang='lat' dir='ltr'>praestarent</span> <span class='ocrx_word' id='word_1_195' title='bbox 1637 1266 1812 1314; x_wconf 89' lang='lat' dir='ltr'>nullum,</span> <span class='ocrx_word' id='word_1_196' title='bbox 1861 1265 1931 1304; x_wconf 85' lang='lat' dir='ltr'>ubi</span> <span class='ocrx_word' id='word_1_197' title='bbox 1969 1263 2256 1304; x_wconf 78' lang='lat' dir='ltr'>Charidemum</span> <span class='ocrx_word' id='word_1_198' title='bbox 2296 1271 2388 1302; x_wconf 85' lang='lat' dir='ltr'>cum</span> <span class='ocrx_word' id='word_1_199' title='bbox 2427 1260 2559 1313; x_wconf 71' lang='lat' dir='ltr'>copiis</span> 
     </span>
     <span class='ocr_line' id='line_1_18' title="bbox 98 1327 2561 1389; baseline -0.002 -14"><span class='ocrx_word' id='word_1_200' title='bbox 98 1335 360 1376; x_wconf 85' lang='lat' dir='ltr'>mercenariis</span> <span class='ocrx_word' id='word_1_201' title='bbox 387 1335 596 1376; x_wconf 80' lang='lat' dir='ltr'>victoriam</span> <span class='ocrx_word' id='word_1_202' title='bbox 625 1335 678 1376; x_wconf 89' lang='lat' dir='ltr'>de</span> <span class='ocrx_word' id='word_1_203' title='bbox 705 1333 1002 1377; x_wconf 73' lang='lat' dir='ltr'>Macedonibus</span> <span class='ocrx_word' id='word_1_204' title='bbox 1030 1331 1350 1386; x_wconf 79' lang='lat' dir='ltr'>qualemcunque</span> <span class='ocrx_word' id='word_1_205' title='bbox 1377 1334 1616 1389; x_wconf 78' lang='lat' dir='ltr'>deportasse</span> <span class='ocrx_word' id='word_1_206' title='bbox 1643 1345 1808 1375; x_wconf 88' lang='lat' dir='ltr'>rumore</span> <span class='ocrx_word' id='word_1_207' title='bbox 1837 1336 2105 1387; x_wconf 87' lang='lat' dir='ltr'>acceperunt,</span> <span class='ocrx_word' id='word_1_208' title='bbox 2153 1330 2306 1372; x_wconf 88' lang='lat' dir='ltr'>laetitia</span> <span class='ocrx_word' id='word_1_209' title='bbox 2334 1327 2474 1370; x_wconf 81' lang='lat' dir='ltr'>extolli</span> <span class='ocrx_word' id='word_1_210' title='bbox 2504 1331 2561 1375; x_wconf 84' lang='lat' dir='ltr'>et,</span> 
     </span>
     <span class='ocr_line' id='line_1_19' title="bbox 98 1395 2559 1458; baseline -0.003 -14"><span class='ocrx_word' id='word_1_211' title='bbox 98 1404 350 1456; x_wconf 80' lang='lat' dir='ltr'>nequissimis</span> <span class='ocrx_word' id='word_1_212' title='bbox 374 1416 423 1445; x_wconf 90' lang='lat' dir='ltr'>se</span> <span class='ocrx_word' id='word_1_213' title='bbox 448 1407 663 1457; x_wconf 83' lang='lat' dir='ltr'>praeterea</span> <span class='ocrx_word' id='word_1_214' title='bbox 690 1404 926 1458; x_wconf 83' lang='lat' dir='ltr'>demagogis</span> <span class='ocrx_word' id='word_1_215' title='bbox 952 1400 1229 1451; x_wconf 80' lang='lat' dir='ltr'>adulantibus,</span> <span class='ocrx_word' id='word_1_216' title='bbox 1275 1403 1335 1442; x_wconf 88' lang='lat' dir='ltr'>uti</span> <span class='ocrx_word' id='word_1_217' title='bbox 1363 1408 1483 1445; x_wconf 90' lang='lat' dir='ltr'>antea</span> <span class='ocrx_word' id='word_1_218' title='bbox 1509 1404 1665 1454; x_wconf 83' lang='lat' dir='ltr'>timori,</span> <span class='ocrx_word' id='word_1_219' title='bbox 1695 1405 1755 1444; x_wconf 90' lang='lat' dir='ltr'>sic</span> <span class='ocrx_word' id='word_1_220' title='bbox 1783 1403 1863 1443; x_wconf 91' lang='lat' dir='ltr'>iam</span> <span class='ocrx_word' id='word_1_221' title='bbox 1892 1403 1982 1455; x_wconf 85' lang='lat' dir='ltr'>spei</span> <span class='ocrx_word' id='word_1_222' title='bbox 2009 1401 2215 1442; x_wconf 86' lang='lat' dir='ltr'>moderari</span> <span class='ocrx_word' id='word_1_223' title='bbox 2242 1398 2423 1451; x_wconf 83' lang='lat' dir='ltr'>nequire.</span> <span class='ocrx_word' id='word_1_224' title='bbox 2481 1395 2559 1436; x_wconf 84' lang='lat' dir='ltr'>lta-</span> 
     </span>
     <span class='ocr_line' id='line_1_20' title="bbox 98 1464 2559 1527; baseline -0.002 -15"><span class='ocrx_word' id='word_1_225' title='bbox 98 1483 178 1524; x_wconf 89' lang='lat' dir='ltr'>que</span> <span class='ocrx_word' id='word_1_226' title='bbox 212 1471 282 1524; x_wconf 85' lang='lat' dir='ltr'>qui</span> <span class='ocrx_word' id='word_1_227' title='bbox 317 1475 489 1526; x_wconf 83' lang='lat' dir='ltr'>propter</span> <span class='ocrx_word' id='word_1_228' title='bbox 523 1473 723 1526; x_wconf 85' lang='lat' dir='ltr'>pecuniae</span> <span class='ocrx_word' id='word_1_229' title='bbox 757 1472 969 1527; x_wconf 85' lang='lat' dir='ltr'>penuriam</span> <span class='ocrx_word' id='word_1_230' title='bbox 1007 1468 1177 1522; x_wconf 75' lang='lat' dir='ltr'>exiguae</span> <span class='ocrx_word' id='word_1_231' title='bbox 1213 1472 1554 1514; x_wconf 86' lang='lat' dir='ltr'>mercenariorum</span> <span class='ocrx_word' id='word_1_232' title='bbox 1580 1472 1716 1513; x_wconf 85' lang='lat' dir='ltr'>manui</span> <span class='ocrx_word' id='word_1_233' title='bbox 1743 1470 1945 1525; x_wconf 86' lang='lat' dir='ltr'>stipendia</span> <span class='ocrx_word' id='word_1_234' title='bbox 1966 1470 2066 1512; x_wconf 90' lang='lat' dir='ltr'>dare</span> <span class='ocrx_word' id='word_1_235' title='bbox 2093 1481 2176 1511; x_wconf 90' lang='lat' dir='ltr'>non</span> <span class='ocrx_word' id='word_1_236' title='bbox 2213 1468 2464 1523; x_wconf 64' lang='lat' dir='ltr'>pneumam,</span> <span class='ocrx_word' id='word_1_237' title='bbox 2509 1464 2559 1504; x_wconf 79' lang='lat' dir='ltr'>lis</span> 
     </span>
     <span class='ocr_line' id='line_1_21' title="bbox 99 1532 2560 1591; baseline -0.004 -12"><span class='ocrx_word' id='word_1_238' title='bbox 99 1536 316 1591; x_wconf 76' lang='lat' dir='ltr'>Olynthios</span> <span class='ocrx_word' id='word_1_239' title='bbox 339 1539 454 1582; x_wconf 85' lang='lat' dir='ltr'>novis</span> <span class='ocrx_word' id='word_1_240' title='bbox 481 1538 673 1582; x_wconf 85' lang='lat' dir='ltr'>subsidiis</span> <span class='ocrx_word' id='word_1_241' title='bbox 701 1539 752 1582; x_wconf 87' lang='lat' dir='ltr'>ab</span> <span class='ocrx_word' id='word_1_242' title='bbox 780 1537 946 1580; x_wconf 89' lang='lat' dir='ltr'>interitu</span> <span class='ocrx_word' id='word_1_243' title='bbox 971 1535 1193 1591; x_wconf 77' lang='lat' dir='ltr'>prohibere</span> <span class='ocrx_word' id='word_1_244' title='bbox 1218 1537 1260 1579; x_wconf 89' lang='lat' dir='ltr'>in</span> <span class='ocrx_word' id='word_1_245' title='bbox 1288 1542 1467 1581; x_wconf 87' lang='lat' dir='ltr'>mentem</span> <span class='ocrx_word' id='word_1_246' title='bbox 1494 1551 1577 1582; x_wconf 91' lang='lat' dir='ltr'>non</span> <span class='ocrx_word' id='word_1_247' title='bbox 1603 1540 1733 1581; x_wconf 83' lang='lat' dir='ltr'>venit:</span> <span class='ocrx_word' id='word_1_248' title='bbox 1785 1551 1858 1581; x_wconf 91' lang='lat' dir='ltr'>eos</span> <span class='ocrx_word' id='word_1_249' title='bbox 1896 1539 2003 1580; x_wconf 89' lang='lat' dir='ltr'>enim</span> <span class='ocrx_word' id='word_1_250' title='bbox 2041 1539 2122 1578; x_wconf 89' lang='lat' dir='ltr'>iam</span> <span class='ocrx_word' id='word_1_251' title='bbox 2158 1537 2271 1591; x_wconf 83' lang='lat' dir='ltr'>ipsos</span> <span class='ocrx_word' id='word_1_252' title='bbox 2298 1546 2391 1575; x_wconf 77' lang='lat' dir='ltr'>cuin</span> <span class='ocrx_word' id='word_1_253' title='bbox 2417 1532 2560 1572; x_wconf 82' lang='lat' dir='ltr'>charl-</span> 
     </span>
     <span class='ocr_line' id='line_1_22' title="bbox 96 1604 2561 1661; baseline -0.003 -14"><span class='ocrx_word' id='word_1_254' title='bbox 96 1605 218 1647; x_wconf 91' lang='lat' dir='ltr'>demo</span> <span class='ocrx_word' id='word_1_255' title='bbox 246 1605 344 1647; x_wconf 82' lang='lat' dir='ltr'>satis</span> <span class='ocrx_word' id='word_1_256' title='bbox 368 1617 461 1647; x_wconf 90' lang='lat' dir='ltr'>esse</span> <span class='ocrx_word' id='word_1_257' title='bbox 489 1609 698 1649; x_wconf 84' lang='lat' dir='ltr'>cauturos:</span> <span class='ocrx_word' id='word_1_258' title='bbox 724 1606 800 1648; x_wconf 84' lang='lat' dir='ltr'>sed</span> <span class='ocrx_word' id='word_1_259' title='bbox 822 1604 1138 1660; x_wconf 78' lang='lat' dir='ltr'>profligandum,</span> <span class='ocrx_word' id='word_1_260' title='bbox 1166 1606 1436 1659; x_wconf 85' lang='lat' dir='ltr'>puniendum,</span> <span class='ocrx_word' id='word_1_261' title='bbox 1462 1608 1756 1649; x_wconf 87' lang='lat' dir='ltr'>conterundum</span> <span class='ocrx_word' id='word_1_262' title='bbox 1784 1607 2017 1661; x_wconf 87' lang='lat' dir='ltr'>Philippum</span> <span class='ocrx_word' id='word_1_263' title='bbox 2045 1606 2220 1653; x_wconf 74' lang='lat' dir='ltr'>ducunt3</span> <span class='ocrx_word' id='word_1_264' title='bbox 2267 1614 2402 1656; x_wconf 89' lang='lat' dir='ltr'>neque</span> <span class='ocrx_word' id='word_1_265' title='bbox 2426 1607 2561 1641; x_wconf 77' lang='lat' dir='ltr'>tamen</span> 
     </span>
     <span class='ocr_line' id='line_1_23' title="bbox 99 1673 1338 1727; baseline 0 -11"><span class='ocrx_word' id='word_1_266' title='bbox 99 1674 159 1716; x_wconf 87' lang='lat' dir='ltr'>illi</span> <span class='ocrx_word' id='word_1_267' title='bbox 185 1674 382 1715; x_wconf 86' lang='lat' dir='ltr'>tantulum</span> <span class='ocrx_word' id='word_1_268' title='bbox 410 1674 462 1714; x_wconf 86' lang='lat' dir='ltr'>ad</span> <span class='ocrx_word' id='word_1_269' title='bbox 489 1674 595 1715; x_wconf 89' lang='lat' dir='ltr'>hanc</span> <span class='ocrx_word' id='word_1_270' title='bbox 623 1686 797 1727; x_wconf 87' lang='lat' dir='ltr'>poenam</span> <span class='ocrx_word' id='word_1_271' title='bbox 825 1673 1081 1726; x_wconf 80' lang='lat' dir='ltr'>infligendam</span> <span class='ocrx_word' id='word_1_272' title='bbox 1108 1674 1338 1717; x_wconf 86' lang='lat' dir='ltr'>moliuntur.</span> 
     </span>
    </p>

    <p class='ocr_par' dir='ltr' id='par_1_7' title="bbox 94 1739 2562 2674">
     <span class='ocr_line' id='line_1_24' title="bbox 298 1739 2558 1793; baseline -0.001 -12"><span class='ocrx_word' id='word_1_273' title='bbox 298 1740 406 1782; x_wconf 83' lang='lat' dir='ltr'>&#39;rum</span> <span class='ocrx_word' id='word_1_274' title='bbox 434 1754 532 1783; x_wconf 81' lang='lat' dir='ltr'>vero</span> <span class='ocrx_word' id='word_1_275' title='bbox 551 1741 847 1783; x_wconf 82' lang='lat' dir='ltr'>Demosthenes</span> <span class='ocrx_word' id='word_1_276' title='bbox 872 1742 1071 1793; x_wconf 78' lang='lat' dir='ltr'>castigare</span> <span class='ocrx_word' id='word_1_277' title='bbox 1101 1741 1337 1783; x_wconf 80' lang='lat' dir='ltr'>effrenatam</span> <span class='ocrx_word' id='word_1_278' title='bbox 1362 1743 1660 1784; x_wconf 83' lang='lat' dir='ltr'>multitudinem</span> <span class='ocrx_word' id='word_1_279' title='bbox 1689 1745 1733 1783; x_wconf 94' lang='lat' dir='ltr'>et</span> <span class='ocrx_word' id='word_1_280' title='bbox 1759 1743 1802 1783; x_wconf 89' lang='lat' dir='ltr'>in</span> <span class='ocrx_word' id='word_1_281' title='bbox 1830 1743 1933 1783; x_wconf 84' lang='lat' dir='ltr'>viam</span> <span class='ocrx_word' id='word_1_282' title='bbox 1961 1742 2163 1783; x_wconf 86' lang='lat' dir='ltr'>reducere</span> <span class='ocrx_word' id='word_1_283' title='bbox 2189 1751 2306 1782; x_wconf 88' lang='lat' dir='ltr'>suum</span> <span class='ocrx_word' id='word_1_284' title='bbox 2334 1742 2445 1779; x_wconf 83' lang='lat' dir='ltr'>ratus</span> <span class='ocrx_word' id='word_1_285' title='bbox 2475 1739 2558 1786; x_wconf 75' lang='lat'>⁴³)-</span> 
     </span>
     <span class='ocr_line' id='line_1_25' title="bbox 97 1805 2560 1862; baseline -0.001 -15"><span class='ocrx_word' id='word_1_286' title='bbox 97 1806 180 1847; x_wconf 87' lang='lat' dir='ltr'>lam</span> <span class='ocrx_word' id='word_1_287' title='bbox 210 1818 292 1848; x_wconf 89' lang='lat' dir='ltr'>nou</span> <span class='ocrx_word' id='word_1_288' title='bbox 320 1820 435 1859; x_wconf 89' lang='lat' dir='ltr'>esse,</span> <span class='ocrx_word' id='word_1_289' title='bbox 473 1809 624 1862; x_wconf 86' lang='lat' dir='ltr'>inquit,</span> <span class='ocrx_word' id='word_1_290' title='bbox 663 1811 710 1848; x_wconf 91' lang='lat' dir='ltr'>ut</span> <span class='ocrx_word' id='word_1_291' title='bbox 745 1813 866 1849; x_wconf 87' lang='lat' dir='ltr'>antea</span> <span class='ocrx_word' id='word_1_292' title='bbox 894 1805 1032 1862; x_wconf 89' lang='lat' dir='ltr'>(huius</span> <span class='ocrx_word' id='word_1_293' title='bbox 1059 1806 1157 1847; x_wconf 85' lang='lat' dir='ltr'>belli</span> <span class='ocrx_word' id='word_1_294' title='bbox 1184 1806 1321 1856; x_wconf 84' lang='lat' dir='ltr'>initio)</span> <span class='ocrx_word' id='word_1_295' title='bbox 1350 1807 1594 1847; x_wconf 75' lang='lat' dir='ltr'>conficiendi</span> <span class='ocrx_word' id='word_1_296' title='bbox 1618 1811 1778 1862; x_wconf 87' lang='lat' dir='ltr'>tempus</span> <span class='ocrx_word' id='word_1_297' title='bbox 1802 1807 2003 1861; x_wconf 84' lang='lat' dir='ltr'>Philippi:</span> <span class='ocrx_word' id='word_1_298' title='bbox 2054 1808 2221 1847; x_wconf 89' lang='lat' dir='ltr'>nimium</span> <span class='ocrx_word' id='word_1_299' title='bbox 2250 1806 2360 1846; x_wconf 88' lang='lat' dir='ltr'>euim</span> <span class='ocrx_word' id='word_1_300' title='bbox 2390 1815 2483 1845; x_wconf 81' lang='lat' dir='ltr'>eum</span> <span class='ocrx_word' id='word_1_301' title='bbox 2510 1814 2560 1844; x_wconf 80' lang='lat' dir='ltr'>ex</span> 
     </span>
     <span class='ocr_line' id='line_1_26' title="bbox 94 1870 2561 1929; baseline -0 -16"><span class='ocrx_word' id='word_1_302' title='bbox 94 1873 275 1926; x_wconf 88' lang='lat' dir='ltr'>ipsorum</span> <span class='ocrx_word' id='word_1_303' title='bbox 300 1875 526 1928; x_wconf 81' lang='lat' dir='ltr'>profecisse</span> <span class='ocrx_word' id='word_1_304' title='bbox 554 1875 731 1917; x_wconf 75' lang='lat' dir='ltr'>desidIa:</span> <span class='ocrx_word' id='word_1_305' title='bbox 758 1874 834 1915; x_wconf 90' lang='lat' dir='ltr'>sed</span> <span class='ocrx_word' id='word_1_306' title='bbox 860 1874 974 1927; x_wconf 89' lang='lat' dir='ltr'>prius</span> <span class='ocrx_word' id='word_1_307' title='bbox 1003 1874 1138 1915; x_wconf 89' lang='lat' dir='ltr'>socios</span> <span class='ocrx_word' id='word_1_308' title='bbox 1164 1873 1396 1924; x_wconf 86' lang='lat' dir='ltr'>servandos,</span> <span class='ocrx_word' id='word_1_309' title='bbox 1426 1878 1539 1925; x_wconf 90' lang='lat' dir='ltr'>tunc,</span> <span class='ocrx_word' id='word_1_310' title='bbox 1568 1875 1604 1915; x_wconf 89' lang='lat' dir='ltr'>si</span> <span class='ocrx_word' id='word_1_311' title='bbox 1632 1875 1723 1915; x_wconf 84' lang='lat' dir='ltr'>fieri</span> <span class='ocrx_word' id='word_1_312' title='bbox 1749 1876 1895 1929; x_wconf 86' lang='lat' dir='ltr'>possit,</span> <span class='ocrx_word' id='word_1_313' title='bbox 1922 1875 2037 1914; x_wconf 91' lang='lat' dir='ltr'>illum</span> <span class='ocrx_word' id='word_1_314' title='bbox 2065 1875 2327 1927; x_wconf 83' lang='lat' dir='ltr'>puniendum.</span> <span class='ocrx_word' id='word_1_315' title='bbox 2365 1870 2561 1913; x_wconf 76' lang='lat' dir='ltr'>Profecto</span> 
     </span>
     <span class='ocr_line' id='line_1_27' title="bbox 95 1927 2562 1995; baseline -0 -15"><span class='ocrx_word' id='word_1_316' title='bbox 95 1938 432 1992; x_wconf 63' lang='lat' dir='ltr'>quenadmodum</span> <span class='ocrx_word' id='word_1_317' title='bbox 459 1940 665 1982; x_wconf 75' lang='lat' dir='ltr'>Heraeum</span> <span class='ocrx_word' id='word_1_318' title='bbox 689 1940 750 1979; x_wconf 82' lang='lat' dir='ltr'>illi</span> <span class='ocrx_word' id='word_1_319' title='bbox 779 1940 989 1981; x_wconf 81' lang='lat' dir='ltr'>castellum</span> <span class='ocrx_word' id='word_1_320' title='bbox 1015 1941 1190 1992; x_wconf 82' lang='lat' dir='ltr'>iccirco,</span> <span class='ocrx_word' id='word_1_321' title='bbox 1224 1941 1333 1993; x_wconf 88' lang='lat' dir='ltr'>quod</span> <span class='ocrx_word' id='word_1_322' title='bbox 1369 1952 1464 1981; x_wconf 85' lang='lat' dir='ltr'>sero</span> <span class='ocrx_word' id='word_1_323' title='bbox 1502 1943 1648 1982; x_wconf 84' lang='lat' dir='ltr'>auxilio</span> <span class='ocrx_word' id='word_1_324' title='bbox 1690 1944 1899 1992; x_wconf 74' lang='lat' dir='ltr'>venerim,</span> <span class='ocrx_word' id='word_1_325' title='bbox 1937 1944 1980 1981; x_wconf 89' lang='lat' dir='ltr'>in</span> <span class='ocrx_word' id='word_1_326' title='bbox 2007 1927 2225 1995; x_wconf 51' lang='lat' dir='ltr'>impendum</span> <span class='ocrx_word' id='word_1_327' title='bbox 2251 1938 2463 1980; x_wconf 84' lang='lat' dir='ltr'>redactum</span> <span class='ocrx_word' id='word_1_328' title='bbox 2494 1941 2562 1987; x_wconf 83' lang='lat' dir='ltr'>sit,</span> 
     </span>
     <span class='ocr_line' id='line_1_28' title="bbox 95 2006 2557 2060; baseline -0 -14"><span class='ocrx_word' id='word_1_329' title='bbox 95 2008 153 2046; x_wconf 85' lang='lat' dir='ltr'>ita</span> <span class='ocrx_word' id='word_1_330' title='bbox 169 2006 263 2046; x_wconf 78' lang='lat' dir='ltr'>fore</span> <span class='ocrx_word' id='word_1_331' title='bbox 287 2010 333 2045; x_wconf 88' lang='lat' dir='ltr'>ut</span> <span class='ocrx_word' id='word_1_332' title='bbox 357 2011 460 2047; x_wconf 86' lang='lat' dir='ltr'>ante</span> <span class='ocrx_word' id='word_1_333' title='bbox 478 2019 598 2060; x_wconf 83' lang='lat' dir='ltr'>quam</span> <span class='ocrx_word' id='word_1_334' title='bbox 626 2008 693 2059; x_wconf 87' lang='lat' dir='ltr'>qui</span> <span class='ocrx_word' id='word_1_335' title='bbox 721 2007 800 2046; x_wconf 87' lang='lat' dir='ltr'>iam</span> <span class='ocrx_word' id='word_1_336' title='bbox 825 2007 895 2045; x_wconf 87' lang='lat' dir='ltr'>diu</span> <span class='ocrx_word' id='word_1_337' title='bbox 919 2006 1132 2046; x_wconf 82' lang='lat' dir='ltr'>ferendum</span> <span class='ocrx_word' id='word_1_338' title='bbox 1160 2009 1323 2047; x_wconf 91' lang='lat' dir='ltr'>omnino</span> <span class='ocrx_word' id='word_1_339' title='bbox 1353 2009 1540 2047; x_wconf 85' lang='lat' dir='ltr'>auxilium</span> <span class='ocrx_word' id='word_1_340' title='bbox 1572 2011 1806 2048; x_wconf 83' lang='lat' dir='ltr'>censuerint</span> <span class='ocrx_word' id='word_1_341' title='bbox 1835 2011 2045 2060; x_wconf 83' lang='lat' dir='ltr'>quiequam</span> <span class='ocrx_word' id='word_1_342' title='bbox 2074 2008 2252 2047; x_wconf 79' lang='lat' dir='ltr'>fecerint</span> <span class='ocrx_word' id='word_1_343' title='bbox 2280 2009 2402 2048; x_wconf 79' lang='lat' dir='ltr'>etiam</span> <span class='ocrx_word' id='word_1_344' title='bbox 2430 2008 2557 2058; x_wconf 79' lang='lat' dir='ltr'>Olyn—</span> 
     </span>
     <span class='ocr_line' id='line_1_29' title="bbox 96 2073 2559 2128; baseline 0.001 -16"><span class='ocrx_word' id='word_1_345' title='bbox 96 2073 231 2121; x_wconf 37' lang='lat' dir='ltr'>thum*</span> <span class='ocrx_word' id='word_1_346' title='bbox 241 2074 375 2126; x_wconf 82' lang='lat' dir='ltr'>capiat</span> <span class='ocrx_word' id='word_1_347' title='bbox 402 2078 446 2114; x_wconf 92' lang='lat' dir='ltr'>et</span> <span class='ocrx_word' id='word_1_348' title='bbox 473 2075 746 2114; x_wconf 80' lang='lat' dir='ltr'>Athenienses</span> <span class='ocrx_word' id='word_1_349' title='bbox 774 2074 927 2126; x_wconf 86' lang='lat' dir='ltr'>plectat</span> <span class='ocrx_word' id='word_1_350' title='bbox 953 2075 1078 2127; x_wconf 88' lang='lat' dir='ltr'>ipsos.</span> <span class='ocrx_word' id='word_1_351' title='bbox 1136 2075 1528 2127; x_wconf 77' lang='lat' dir='ltr'>Expergiseerentur</span> <span class='ocrx_word' id='word_1_352' title='bbox 1562 2075 1725 2114; x_wconf 86' lang='lat' dir='ltr'>tandem</span> <span class='ocrx_word' id='word_1_353' title='bbox 1763 2075 1814 2114; x_wconf 82' lang='lat' dir='ltr'>ad</span> <span class='ocrx_word' id='word_1_354' title='bbox 1852 2077 2065 2115; x_wconf 80' lang='lat' dir='ltr'>sanitatem</span> <span class='ocrx_word' id='word_1_355' title='bbox 2101 2077 2243 2125; x_wconf 85' lang='lat' dir='ltr'>animi;</span> <span class='ocrx_word' id='word_1_356' title='bbox 2293 2080 2416 2128; x_wconf 76' lang='lat' dir='ltr'>turpe</span> <span class='ocrx_word' id='word_1_357' title='bbox 2453 2086 2559 2123; x_wconf 83' lang='lat' dir='ltr'>esse,</span> 
     </span>
     <span class='ocr_line' id='line_1_30' title="bbox 98 2140 2559 2197; baseline 0.001 -18"><span class='ocrx_word' id='word_1_358' title='bbox 98 2140 372 2193; x_wconf 83' lang='lat' dir='ltr'>periculosum</span> <span class='ocrx_word' id='word_1_359' title='bbox 396 2142 760 2194; x_wconf 84' lang='lat' dir='ltr'>perniciosumque,</span> <span class='ocrx_word' id='word_1_360' title='bbox 787 2143 1014 2182; x_wconf 88' lang='lat' dir='ltr'>cessatione</span> <span class='ocrx_word' id='word_1_361' title='bbox 1041 2145 1208 2194; x_wconf 86' lang='lat' dir='ltr'>torpere</span> <span class='ocrx_word' id='word_1_362' title='bbox 1238 2140 1446 2182; x_wconf 89' lang='lat' dir='ltr'>eiusmodi.</span> <span class='ocrx_word' id='word_1_363' title='bbox 1504 2142 1612 2181; x_wconf 86' lang='lat' dir='ltr'>Tum</span> <span class='ocrx_word' id='word_1_364' title='bbox 1646 2156 1749 2194; x_wconf 82' lang='lat' dir='ltr'>quse</span> <span class='ocrx_word' id='word_1_365' title='bbox 1785 2157 1864 2183; x_wconf 84' lang='lat' dir='ltr'>una</span> <span class='ocrx_word' id='word_1_366' title='bbox 1899 2145 2077 2197; x_wconf 86' lang='lat' dir='ltr'>supersit</span> <span class='ocrx_word' id='word_1_367' title='bbox 2104 2145 2168 2184; x_wconf 85' lang='lat' dir='ltr'>via</span> <span class='ocrx_word' id='word_1_368' title='bbox 2188 2145 2453 2192; x_wconf 84' lang='lat' dir='ltr'>demonstrat,</span> <span class='ocrx_word' id='word_1_369' title='bbox 2481 2155 2559 2195; x_wconf 71' lang='lat' dir='ltr'>qm</span> 
     </span>
     <span class='ocr_line' id='line_1_31' title="bbox 105 2208 2560 2265; baseline 0 -15"><span class='ocrx_word' id='word_1_370' title='bbox 105 2221 155 2250; x_wconf 80' lang='lat' dir='ltr'>ex</span> <span class='ocrx_word' id='word_1_371' title='bbox 192 2208 307 2250; x_wconf 86' lang='lat' dir='ltr'>malis</span> <span class='ocrx_word' id='word_1_372' title='bbox 341 2209 420 2250; x_wconf 87' lang='lat' dir='ltr'>illis</span> <span class='ocrx_word' id='word_1_373' title='bbox 445 2210 488 2250; x_wconf 93' lang='lat' dir='ltr'>in</span> <span class='ocrx_word' id='word_1_374' title='bbox 515 2223 562 2251; x_wconf 90' lang='lat' dir='ltr'>se</span> <span class='ocrx_word' id='word_1_375' title='bbox 586 2208 832 2250; x_wconf 85' lang='lat' dir='ltr'>irruentibus</span> <span class='ocrx_word' id='word_1_376' title='bbox 863 2221 1075 2262; x_wconf 80' lang='lat' dir='ltr'>emergere</span> <span class='ocrx_word' id='word_1_377' title='bbox 1109 2211 1279 2263; x_wconf 86' lang='lat' dir='ltr'>possint.</span> <span class='ocrx_word' id='word_1_378' title='bbox 1338 2208 1506 2250; x_wconf 88' lang='lat' dir='ltr'>Scilicet</span> <span class='ocrx_word' id='word_1_379' title='bbox 1542 2209 1653 2250; x_wconf 86' lang='lat' dir='ltr'>domi</span> <span class='ocrx_word' id='word_1_380' title='bbox 1680 2224 1753 2251; x_wconf 89' lang='lat' dir='ltr'>eos</span> <span class='ocrx_word' id='word_1_381' title='bbox 1782 2212 1973 2253; x_wconf 88' lang='lat' dir='ltr'>desidere</span> <span class='ocrx_word' id='word_1_382' title='bbox 1999 2213 2152 2265; x_wconf 86' lang='lat' dir='ltr'>pigros,</span> <span class='ocrx_word' id='word_1_383' title='bbox 2182 2213 2365 2253; x_wconf 87' lang='lat' dir='ltr'>militiam</span> <span class='ocrx_word' id='word_1_384' title='bbox 2388 2211 2560 2252; x_wconf 84' lang='lat' dir='ltr'>horreu-</span> 
     </span>
     <span class='ocr_line' id='line_1_32' title="bbox 103 2277 2559 2332; baseline 0.001 -14"><span class='ocrx_word' id='word_1_385' title='bbox 103 2283 188 2327; x_wconf 84' lang='lat' dir='ltr'>tes,</span> <span class='ocrx_word' id='word_1_386' title='bbox 217 2279 389 2330; x_wconf 82' lang='lat' dir='ltr'>pecunia</span> <span class='ocrx_word' id='word_1_387' title='bbox 417 2283 463 2318; x_wconf 93' lang='lat' dir='ltr'>ut</span> <span class='ocrx_word' id='word_1_388' title='bbox 489 2280 568 2319; x_wconf 90' lang='lat' dir='ltr'>sibi</span> <span class='ocrx_word' id='word_1_389' title='bbox 597 2277 760 2331; x_wconf 83' lang='lat' dir='ltr'>publica</span> <span class='ocrx_word' id='word_1_390' title='bbox 788 2290 811 2318; x_wconf 92' lang='lat' dir='ltr'>a</span> <span class='ocrx_word' id='word_1_391' title='bbox 839 2290 1009 2330; x_wconf 79' lang='lat' dir='ltr'>nequam</span> <span class='ocrx_word' id='word_1_392' title='bbox 1035 2277 1305 2318; x_wconf 82' lang='lat' dir='ltr'>adulatoribus</span> <span class='ocrx_word' id='word_1_393' title='bbox 1335 2281 1548 2330; x_wconf 88' lang='lat' dir='ltr'>arrogetur</span> <span class='ocrx_word' id='word_1_394' title='bbox 1575 2280 1683 2330; x_wconf 83' lang='lat' dir='ltr'>pati,</span> <span class='ocrx_word' id='word_1_395' title='bbox 1711 2280 1856 2321; x_wconf 89' lang='lat' dir='ltr'>melius</span> <span class='ocrx_word' id='word_1_396' title='bbox 1885 2295 1983 2322; x_wconf 88' lang='lat' dir='ltr'>sane</span> <span class='ocrx_word' id='word_1_397' title='bbox 2012 2282 2216 2331; x_wconf 78' lang='lat' dir='ltr'>facturos,</span> <span class='ocrx_word' id='word_1_398' title='bbox 2250 2281 2286 2321; x_wconf 85' lang='lat' dir='ltr'>si</span> <span class='ocrx_word' id='word_1_399' title='bbox 2315 2292 2404 2321; x_wconf 87' lang='lat' dir='ltr'>eam</span> <span class='ocrx_word' id='word_1_400' title='bbox 2432 2287 2559 2332; x_wconf 79' lang='lat' dir='ltr'>pecu-</span> 
     </span>
     <span class='ocr_line' id='line_1_33' title="bbox 98 2345 2562 2401; baseline 0 -13"><span class='ocrx_word' id='word_1_401' title='bbox 98 2349 207 2389; x_wconf 88' lang='lat' dir='ltr'>niam</span> <span class='ocrx_word' id='word_1_402' title='bbox 233 2347 401 2388; x_wconf 86' lang='lat' dir='ltr'>militiae</span> <span class='ocrx_word' id='word_1_403' title='bbox 428 2347 639 2400; x_wconf 85' lang='lat' dir='ltr'>disciplina</span> <span class='ocrx_word' id='word_1_404' title='bbox 665 2349 859 2386; x_wconf 83' lang='lat' dir='ltr'>mereant.</span> <span class='ocrx_word' id='word_1_405' title='bbox 908 2345 1015 2396; x_wconf 76' lang='lat' dir='ltr'>Quid</span> <span class='ocrx_word' id='word_1_406' title='bbox 1043 2346 1182 2395; x_wconf 85' lang='lat' dir='ltr'>multa,</span> <span class='ocrx_word' id='word_1_407' title='bbox 1211 2349 1257 2385; x_wconf 87' lang='lat' dir='ltr'>ut</span> <span class='ocrx_word' id='word_1_408' title='bbox 1284 2346 1412 2386; x_wconf 88' lang='lat' dir='ltr'>libere</span> <span class='ocrx_word' id='word_1_409' title='bbox 1442 2346 1613 2397; x_wconf 82' lang='lat' dir='ltr'>quisque</span> <span class='ocrx_word' id='word_1_410' title='bbox 1641 2349 1769 2398; x_wconf 86' lang='lat' dir='ltr'>possit</span> <span class='ocrx_word' id='word_1_411' title='bbox 1799 2353 1842 2388; x_wconf 90' lang='lat' dir='ltr'>et</span> <span class='ocrx_word' id='word_1_412' title='bbox 1869 2353 2013 2401; x_wconf 88' lang='lat' dir='ltr'>aperte</span> <span class='ocrx_word' id='word_1_413' title='bbox 2037 2349 2156 2389; x_wconf 84' lang='lat' dir='ltr'>saluti</span> <span class='ocrx_word' id='word_1_414' title='bbox 2187 2348 2283 2400; x_wconf 84' lang='lat' dir='ltr'>quid</span> <span class='ocrx_word' id='word_1_415' title='bbox 2311 2345 2562 2400; x_wconf 66' lang='lat' dir='ltr'>reipublicae</span> 
     </span>
     <span class='ocr_line' id='line_1_34' title="bbox 100 2413 2562 2470; baseline 0.001 -14"><span class='ocrx_word' id='word_1_416' title='bbox 100 2416 154 2456; x_wconf 86' lang='lat' dir='ltr'>sit</span> <span class='ocrx_word' id='word_1_417' title='bbox 178 2414 386 2469; x_wconf 80' lang='lat' dir='ltr'>profiteri,</span> <span class='ocrx_word' id='word_1_418' title='bbox 428 2414 717 2469; x_wconf 84' lang='lat' dir='ltr'>legumlatores</span> <span class='ocrx_word' id='word_1_419' title='bbox 747 2426 841 2455; x_wconf 89' lang='lat' dir='ltr'>esse</span> <span class='ocrx_word' id='word_1_420' title='bbox 865 2414 1193 2464; x_wconf 84' lang='lat' dir='ltr'>constituendos,</span> <span class='ocrx_word' id='word_1_421' title='bbox 1230 2413 1299 2467; x_wconf 86' lang='lat' dir='ltr'>qui</span> <span class='ocrx_word' id='word_1_422' title='bbox 1330 2414 1526 2467; x_wconf 85' lang='lat' dir='ltr'>pessimas</span> <span class='ocrx_word' id='word_1_423' title='bbox 1553 2413 1644 2455; x_wconf 86' lang='lat' dir='ltr'>illas</span> <span class='ocrx_word' id='word_1_424' title='bbox 1680 2415 1794 2469; x_wconf 86' lang='lat' dir='ltr'>leges</span> <span class='ocrx_word' id='word_1_425' title='bbox 1823 2420 1865 2457; x_wconf 90' lang='lat' dir='ltr'>et</span> <span class='ocrx_word' id='word_1_426' title='bbox 1894 2429 1964 2457; x_wconf 80' lang='lat' dir='ltr'>ess</span> <span class='ocrx_word' id='word_1_427' title='bbox 1989 2429 2093 2470; x_wconf 84' lang='lat' dir='ltr'>quae</span> <span class='ocrx_word' id='word_1_428' title='bbox 2120 2416 2287 2458; x_wconf 85' lang='lat' dir='ltr'>militiae</span> <span class='ocrx_word' id='word_1_429' title='bbox 2313 2421 2492 2459; x_wconf 81' lang='lat' dir='ltr'>noceant</span> <span class='ocrx_word' id='word_1_430' title='bbox 2519 2422 2562 2458; x_wconf 90' lang='lat' dir='ltr'>et</span> 
     </span>
     <span class='ocr_line' id='line_1_35' title="bbox 101 2483 2560 2537; baseline 0.001 -13"><span class='ocrx_word' id='word_1_431' title='bbox 101 2483 291 2524; x_wconf 79' lang='lat' dir='ltr'>infamem</span> <span class='ocrx_word' id='word_1_432' title='bbox 325 2484 444 2525; x_wconf 73' lang='lat' dir='ltr'>istam</span> <span class='ocrx_word' id='word_1_433' title='bbox 484 2483 694 2528; x_wconf 72' lang='lat' dir='ltr'>Eubuliam</span> <span class='ocrx_word' id='word_1_434' title='bbox 730 2483 929 2536; x_wconf 83' lang='lat' dir='ltr'>abrogent</span> <span class='ocrx_word' id='word_1_435' title='bbox 967 2483 1292 2537; x_wconf 81' lang='lat' dir='ltr'>salubrioresque</span> <span class='ocrx_word' id='word_1_436' title='bbox 1329 2483 1526 2531; x_wconf 85' lang='lat' dir='ltr'>condant;</span> <span class='ocrx_word' id='word_1_437' title='bbox 1571 2483 1627 2523; x_wconf 82' lang='lat' dir='ltr'>ita</span> <span class='ocrx_word' id='word_1_438' title='bbox 1670 2483 1831 2524; x_wconf 82' lang='lat' dir='ltr'>demum</span> <span class='ocrx_word' id='word_1_439' title='bbox 1870 2484 2021 2525; x_wconf 83' lang='lat' dir='ltr'>factum</span> <span class='ocrx_word' id='word_1_440' title='bbox 2062 2485 2112 2524; x_wconf 86' lang='lat' dir='ltr'>iri</span> <span class='ocrx_word' id='word_1_441' title='bbox 2143 2489 2190 2524; x_wconf 92' lang='lat' dir='ltr'>ut</span> <span class='ocrx_word' id='word_1_442' title='bbox 2221 2488 2264 2524; x_wconf 85' lang='lat' dir='ltr'>et</span> <span class='ocrx_word' id='word_1_443' title='bbox 2292 2485 2422 2536; x_wconf 82' lang='lat' dir='ltr'>cives,</span> <span class='ocrx_word' id='word_1_444' title='bbox 2469 2498 2560 2526; x_wconf 85' lang='lat' dir='ltr'>eam</span> 
     </span>
     <span class='ocr_line' id='line_1_36' title="bbox 100 2551 2561 2608; baseline 0.001 -17"><span class='ocrx_word' id='word_1_445' title='bbox 100 2563 221 2593; x_wconf 89' lang='lat' dir='ltr'>nemo</span> <span class='ocrx_word' id='word_1_446' title='bbox 249 2551 461 2592; x_wconf 82' lang='lat' dir='ltr'>levissimis</span> <span class='ocrx_word' id='word_1_447' title='bbox 490 2552 641 2593; x_wconf 84' lang='lat' dir='ltr'>caussis</span> <span class='ocrx_word' id='word_1_448' title='bbox 679 2564 759 2604; x_wconf 91' lang='lat' dir='ltr'>quo</span> <span class='ocrx_word' id='word_1_449' title='bbox 796 2552 982 2593; x_wconf 82' lang='lat' dir='ltr'>immunis</span> <span class='ocrx_word' id='word_1_450' title='bbox 1009 2552 1151 2593; x_wconf 87' lang='lat' dir='ltr'>militia</span> <span class='ocrx_word' id='word_1_451' title='bbox 1177 2552 1249 2593; x_wconf 81' lang='lat' dir='ltr'>fiat</span> <span class='ocrx_word' id='word_1_452' title='bbox 1274 2552 1334 2593; x_wconf 90' lang='lat' dir='ltr'>uti</span> <span class='ocrx_word' id='word_1_453' title='bbox 1361 2552 1512 2605; x_wconf 84' lang='lat' dir='ltr'>possit,</span> <span class='ocrx_word' id='word_1_454' title='bbox 1560 2551 1782 2593; x_wconf 85' lang='lat' dir='ltr'>secundum</span> <span class='ocrx_word' id='word_1_455' title='bbox 1815 2553 1996 2593; x_wconf 85' lang='lat' dir='ltr'>ordinem</span> <span class='ocrx_word' id='word_1_456' title='bbox 2028 2552 2233 2593; x_wconf 80' lang='lat' dir='ltr'>lubentius</span> <span class='ocrx_word' id='word_1_457' title='bbox 2262 2564 2372 2593; x_wconf 86' lang='lat' dir='ltr'>arma</span> <span class='ocrx_word' id='word_1_458' title='bbox 2399 2554 2561 2608; x_wconf 79' lang='lat' dir='ltr'>capiant</span> 
     </span>
     <span class='ocr_line' id='line_1_37' title="bbox 99 2619 1253 2674; baseline 0.003 -14"><span class='ocrx_word' id='word_1_459' title='bbox 99 2630 234 2672; x_wconf 88' lang='lat' dir='ltr'>neque</span> <span class='ocrx_word' id='word_1_460' title='bbox 261 2620 432 2673; x_wconf 84' lang='lat' dir='ltr'>pecunia</span> <span class='ocrx_word' id='word_1_461' title='bbox 461 2620 567 2662; x_wconf 89' lang='lat' dir='ltr'>desit</span> <span class='ocrx_word' id='word_1_462' title='bbox 595 2619 647 2661; x_wconf 90' lang='lat' dir='ltr'>ad</span> <span class='ocrx_word' id='word_1_463' title='bbox 677 2619 775 2662; x_wconf 85' lang='lat' dir='ltr'>belli</span> <span class='ocrx_word' id='word_1_464' title='bbox 804 2619 1008 2674; x_wconf 84' lang='lat' dir='ltr'>impensas</span> <span class='ocrx_word' id='word_1_465' title='bbox 1033 2619 1253 2663; x_wconf 83' lang='lat' dir='ltr'>faciendas.</span> 
     </span>
    </p>

    <p class='ocr_par' dir='ltr' id='par_1_8' title="bbox 101 2687 2560 3018">
     <span class='ocr_line' id='line_1_38' title="bbox 305 2687 2560 2745; baseline 0.001 -16"><span class='ocrx_word' id='word_1_466' title='bbox 305 2687 527 2743; x_wconf 73' lang='lat' dir='ltr'>Egregium</span> <span class='ocrx_word' id='word_1_467' title='bbox 550 2692 615 2731; x_wconf 87' lang='lat' dir='ltr'>est</span> <span class='ocrx_word' id='word_1_468' title='bbox 643 2693 686 2731; x_wconf 90' lang='lat' dir='ltr'>et</span> <span class='ocrx_word' id='word_1_469' title='bbox 713 2700 882 2742; x_wconf 77' lang='lat' dir='ltr'>prorsus</span> <span class='ocrx_word' id='word_1_470' title='bbox 907 2689 1110 2744; x_wconf 84' lang='lat' dir='ltr'>singulare</span> <span class='ocrx_word' id='word_1_471' title='bbox 1138 2690 1247 2745; x_wconf 85' lang='lat' dir='ltr'>quod</span> <span class='ocrx_word' id='word_1_472' title='bbox 1272 2690 1529 2745; x_wconf 73' lang='lat' dir='ltr'>gravissimu</span> <span class='ocrx_word' id='word_1_473' title='bbox 1560 2693 1699 2733; x_wconf 84' lang='lat' dir='ltr'>orator</span> <span class='ocrx_word' id='word_1_474' title='bbox 1728 2702 1752 2730; x_wconf 89' lang='lat' dir='ltr'>a</span> <span class='ocrx_word' id='word_1_475' title='bbox 1778 2693 1890 2729; x_wconf 83' lang='lat' dir='ltr'>metu</span> <span class='ocrx_word' id='word_1_476' title='bbox 1918 2688 2024 2728; x_wconf 85' lang='lat' dir='ltr'>liber</span> <span class='ocrx_word' id='word_1_477' title='bbox 2054 2691 2095 2728; x_wconf 90' lang='lat' dir='ltr'>et</span> <span class='ocrx_word' id='word_1_478' title='bbox 2122 2688 2264 2729; x_wconf 83' lang='lat' dir='ltr'>intimo</span> <span class='ocrx_word' id='word_1_479' title='bbox 2295 2689 2560 2732; x_wconf 70' lang='lat' dir='ltr'>exacerbatus</span> 
     </span>
     <span class='ocr_line' id='line_1_39' title="bbox 101 2756 2558 2816; baseline 0 -19"><span class='ocrx_word' id='word_1_480' title='bbox 101 2756 234 2797; x_wconf 85' lang='lat' dir='ltr'>auimo</span> <span class='ocrx_word' id='word_1_481' title='bbox 264 2756 318 2797; x_wconf 87' lang='lat' dir='ltr'>de</span> <span class='ocrx_word' id='word_1_482' title='bbox 344 2757 552 2816; x_wconf 78' lang='lat' dir='ltr'>mittendis</span> <span class='ocrx_word' id='word_1_483' title='bbox 580 2758 668 2799; x_wconf 87' lang='lat' dir='ltr'>istis</span> <span class='ocrx_word' id='word_1_484' title='bbox 697 2757 887 2811; x_wconf 81' lang='lat' dir='ltr'>nequitiis</span> <span class='ocrx_word' id='word_1_485' title='bbox 916 2758 1192 2812; x_wconf 80' lang='lat' dir='ltr'>theoricisque</span> <span class='ocrx_word' id='word_1_486' title='bbox 1221 2763 1265 2800; x_wconf 89' lang='lat' dir='ltr'>et</span> <span class='ocrx_word' id='word_1_487' title='bbox 1291 2759 1345 2800; x_wconf 90' lang='lat' dir='ltr'>de</span> <span class='ocrx_word' id='word_1_488' title='bbox 1372 2760 1456 2800; x_wconf 80' lang='lat' dir='ltr'>vita</span> <span class='ocrx_word' id='word_1_489' title='bbox 1480 2762 1596 2800; x_wconf 86' lang='lat' dir='ltr'>recte</span> <span class='ocrx_word' id='word_1_490' title='bbox 1626 2757 1874 2797; x_wconf 80' lang='lat' dir='ltr'>instituenda</span> <span class='ocrx_word' id='word_1_491' title='bbox 1903 2757 2205 2810; x_wconf 75' lang='lat' dir='ltr'>prenunciavit3</span> <span class='ocrx_word' id='word_1_492' title='bbox 2243 2759 2410 2811; x_wconf 77' lang='lat' dir='ltr'>egregia</span> <span class='ocrx_word' id='word_1_493' title='bbox 2439 2760 2558 2798; x_wconf 79' lang='lat' dir='ltr'>etiam</span> 
     </span>
     <span class='ocr_line' id='line_1_40' title="bbox 101 2825 2556 2881; baseline 0 -16"><span class='ocrx_word' id='word_1_494' title='bbox 101 2829 145 2865; x_wconf 91' lang='lat' dir='ltr'>et</span> <span class='ocrx_word' id='word_1_495' title='bbox 169 2825 318 2866; x_wconf 80' lang='lat' dir='ltr'>excelsi</span> <span class='ocrx_word' id='word_1_496' title='bbox 343 2825 464 2866; x_wconf 87' lang='lat' dir='ltr'>animi</span> <span class='ocrx_word' id='word_1_497' title='bbox 494 2827 690 2867; x_wconf 89' lang='lat' dir='ltr'>maiorum</span> <span class='ocrx_word' id='word_1_498' title='bbox 722 2828 969 2879; x_wconf 83' lang='lat' dir='ltr'>comparatio</span> <span class='ocrx_word' id='word_1_499' title='bbox 999 2839 1092 2868; x_wconf 87' lang='lat' dir='ltr'>eum</span> <span class='ocrx_word' id='word_1_500' title='bbox 1119 2828 1198 2878; x_wconf 86' lang='lat' dir='ltr'>his,</span> <span class='ocrx_word' id='word_1_501' title='bbox 1222 2829 1328 2881; x_wconf 91' lang='lat' dir='ltr'>stipe</span> <span class='ocrx_word' id='word_1_502' title='bbox 1352 2829 1494 2878; x_wconf 88' lang='lat' dir='ltr'>beatis,</span> <span class='ocrx_word' id='word_1_503' title='bbox 1523 2827 1774 2867; x_wconf 84' lang='lat' dir='ltr'>adulatorum</span> <span class='ocrx_word' id='word_1_504' title='bbox 1800 2827 1938 2865; x_wconf 82' lang='lat' dir='ltr'>servis.</span> <span class='ocrx_word' id='word_1_505' title='bbox 2004 2825 2069 2865; x_wconf 82' lang='lat' dir='ltr'>Ex</span> <span class='ocrx_word' id='word_1_506' title='bbox 2107 2827 2253 2877; x_wconf 87' lang='lat' dir='ltr'>quibus</span> <span class='ocrx_word' id='word_1_507' title='bbox 2290 2826 2325 2865; x_wconf 90' lang='lat' dir='ltr'>si</span> <span class='ocrx_word' id='word_1_508' title='bbox 2355 2839 2457 2878; x_wconf 84' lang='lat' dir='ltr'>quae</span> <span class='ocrx_word' id='word_1_509' title='bbox 2488 2839 2556 2866; x_wconf 77' lang='lat' dir='ltr'>ex-</span> 
     </span>
     <span class='ocr_line' id='line_1_41' title="bbox 103 2894 2556 2949; baseline 0 -15"><span class='ocrx_word' id='word_1_510' title='bbox 103 2905 385 2947; x_wconf 86' lang='lat' dir='ltr'>cerperemus,</span> <span class='ocrx_word' id='word_1_511' title='bbox 422 2907 470 2935; x_wconf 90' lang='lat' dir='ltr'>ea</span> <span class='ocrx_word' id='word_1_512' title='bbox 499 2906 617 2948; x_wconf 87' lang='lat' dir='ltr'>quam</span> <span class='ocrx_word' id='word_1_513' title='bbox 645 2896 779 2936; x_wconf 82' lang='lat' dir='ltr'>tenuia</span> <span class='ocrx_word' id='word_1_514' title='bbox 805 2895 1039 2935; x_wconf 85' lang='lat' dir='ltr'>viderentur</span> <span class='ocrx_word' id='word_1_515' title='bbox 1067 2899 1110 2937; x_wconf 88' lang='lat' dir='ltr'>et</span> <span class='ocrx_word' id='word_1_516' title='bbox 1133 2896 1263 2937; x_wconf 85' lang='lat' dir='ltr'>exilia.</span> <span class='ocrx_word' id='word_1_517' title='bbox 1320 2896 1513 2938; x_wconf 86' lang='lat' dir='ltr'>Profecto</span> <span class='ocrx_word' id='word_1_518' title='bbox 1539 2897 1575 2936; x_wconf 89' lang='lat' dir='ltr'>si</span> <span class='ocrx_word' id='word_1_519' title='bbox 1602 2895 1667 2935; x_wconf 89' lang='lat' dir='ltr'>his</span> <span class='ocrx_word' id='word_1_520' title='bbox 1695 2894 1967 2935; x_wconf 85' lang='lat' dir='ltr'>Athenienses</span> <span class='ocrx_word' id='word_1_521' title='bbox 1999 2896 2176 2949; x_wconf 82' lang='lat' dir='ltr'>permoti</span> <span class='ocrx_word' id='word_1_522' title='bbox 2206 2907 2289 2936; x_wconf 85' lang='lat' dir='ltr'>non</span> <span class='ocrx_word' id='word_1_523' title='bbox 2317 2898 2431 2943; x_wconf 79' lang='lat' dir='ltr'>sunt,</span> <span class='ocrx_word' id='word_1_524' title='bbox 2468 2906 2556 2934; x_wconf 88' lang='lat' dir='ltr'>sur-</span> 
     </span>
     <span class='ocr_line' id='line_1_42' title="bbox 102 2958 1301 3018; baseline 0.005 -21"><span class='ocrx_word' id='word_1_525' title='bbox 102 2958 266 3001; x_wconf 86' lang='lat' dir='ltr'>dissima</span> <span class='ocrx_word' id='word_1_526' title='bbox 295 2975 344 3003; x_wconf 89' lang='lat' dir='ltr'>ea</span> <span class='ocrx_word' id='word_1_527' title='bbox 369 2967 412 3003; x_wconf 91' lang='lat' dir='ltr'>et</span> <span class='ocrx_word' id='word_1_528' title='bbox 438 2962 679 3003; x_wconf 88' lang='lat' dir='ltr'>inertissima</span> <span class='ocrx_word' id='word_1_529' title='bbox 708 2967 772 3004; x_wconf 89' lang='lat' dir='ltr'>est</span> <span class='ocrx_word' id='word_1_530' title='bbox 799 2963 1011 3018; x_wconf 80' lang='lat' dir='ltr'>plebecula</span> <span class='ocrx_word' id='word_1_531' title='bbox 1037 2964 1301 3018; x_wconf 86' lang='lat' dir='ltr'>perhibenda.</span> 
     </span>
    </p>
   </div>
   <div class='ocr_carea' id='block_1_4' title="bbox 99 3077 2556 3253">
    <p class='ocr_par' dir='ltr' id='par_1_9' title="bbox 99 3077 2556 3253">
     <span class='ocr_line' id='line_1_43' title="bbox 233 3077 2555 3130; baseline -0 -14"><span class='ocrx_word' id='word_1_532' title='bbox 233 3077 302 3123; x_wconf 78' lang='lat'>⁴⁸)</span> <span class='ocrx_word' id='word_1_533' title='bbox 327 3078 386 3116; x_wconf 73' lang='lat' dir='ltr'>ef.</span> <span class='ocrx_word' id='word_1_534' title='bbox 410 3082 558 3118; x_wconf 72' lang='lat' dir='ltr'>Lelnad.</span> <span class='ocrx_word' id='word_1_535' title='bbox 584 3094 620 3127; x_wconf 80' lang='lat' dir='ltr'>p.</span> <span class='ocrx_word' id='word_1_536' title='bbox 642 3084 699 3119; x_wconf 73' lang='lat'>68.</span> <span class='ocrx_word' id='word_1_537' title='bbox 723 3102 770 3108; x_wconf 97' lang='lat'><strong>—</strong></span> <span class='ocrx_word' id='word_1_538' title='bbox 792 3081 950 3128; x_wconf 79' lang='lat' dir='ltr'>Sopater</span> <span class='ocrx_word' id='word_1_539' title='bbox 972 3082 1021 3119; x_wconf 85' lang='lat' dir='ltr'>ad</span> <span class='ocrx_word' id='word_1_540' title='bbox 1044 3081 1213 3130; x_wconf 67' lang='lat' dir='ltr'>Hmsg.</span> <span class='ocrx_word' id='word_1_541' title='bbox 1244 3094 1280 3129; x_wconf 79' lang='lat' dir='ltr'>p.</span> <span class='ocrx_word' id='word_1_542' title='bbox 1305 3085 1387 3127; x_wconf 80' lang='lat'>313,</span> <span class='ocrx_word' id='word_1_543' title='bbox 1421 3084 1454 3117; x_wconf 86' lang='grc'>6.</span> <span class='ocrx_word' id='word_1_544' title='bbox 1478 3092 1537 3127; x_wconf 79' lang='lat' dir='ltr'>ap.</span> <span class='ocrx_word' id='word_1_545' title='bbox 1564 3080 1670 3117; x_wconf 49' lang='lat' dir='ltr'>Baka</span> <span class='ocrx_word' id='word_1_546' title='bbox 1706 3079 1769 3118; x_wconf 74' lang='grc' dir='ltr'>δεῖ</span> <span class='ocrx_word' id='word_1_547' title='bbox 1788 3079 1855 3118; x_wconf 72' lang='grc' dir='ltr'>τὸν</span> <span class='ocrx_word' id='word_1_548' title='bbox 1880 3078 2052 3128; x_wconf 71' lang='grc' dir='ltr'>ἔμφρονα</span> <span class='ocrx_word' id='word_1_549' title='bbox 2076 3078 2224 3127; x_wconf 72' lang='grc' dir='ltr'><strong>ῥήτορα</strong></span> <span class='ocrx_word' id='word_1_550' title='bbox 2247 3077 2491 3126; x_wconf 70' lang='grc' dir='ltr'><strong><em>θαόῥοῦντάς</em></strong></span> <span class='ocrx_word' id='word_1_551' title='bbox 2517 3090 2555 3115; x_wconf 74' lang='grc' dir='ltr'>τε</span> 
     </span>
     <span class='ocr_line' id='line_1_44' title="bbox 99 3129 2556 3187; baseline 0.002 -18"><span class='ocrx_word' id='word_1_552' title='bbox 99 3130 205 3180; x_wconf 68' lang='grc' dir='ltr'>παρὰ</span> <span class='ocrx_word' id='word_1_553' title='bbox 228 3129 272 3171; x_wconf 73' lang='grc' dir='ltr'>τὸ</span> <span class='ocrx_word' id='word_1_554' title='bbox 295 3131 384 3172; x_wconf 72' lang='grc' dir='ltr'>δέω</span> <span class='ocrx_word' id='word_1_555' title='bbox 403 3134 495 3180; x_wconf 69' lang='grc' dir='ltr'>τοὺς</span> <span class='ocrx_word' id='word_1_556' title='bbox 518 3135 884 3187; x_wconf 61' lang='grc' dir='ltr'><em>συμβουλευομένης</em></span> <span class='ocrx_word' id='word_1_557' title='bbox 905 3137 1163 3186; x_wconf 70' lang='grc' dir='ltr'>καταπλῆξαι,</span> <span class='ocrx_word' id='word_1_558' title='bbox 1199 3136 1480 3185; x_wconf 73' lang='grc' dir='ltr'>φυλαττόμενον</span> <span class='ocrx_word' id='word_1_559' title='bbox 1504 3135 1544 3175; x_wconf 75' lang='grc' dir='ltr'>ἐν</span> <span class='ocrx_word' id='word_1_560' title='bbox 1566 3135 1691 3186; x_wconf 71' lang='grc' dir='ltr'><strong><em>τούτῳ</em></strong></span> <span class='ocrx_word' id='word_1_561' title='bbox 1715 3136 1760 3177; x_wconf 75' lang='grc' dir='ltr'>τὸ</span> <span class='ocrx_word' id='word_1_562' title='bbox 1788 3138 1841 3180; x_wconf 76' lang='grc' dir='ltr'>εἰς</span> <span class='ocrx_word' id='word_1_563' title='bbox 1865 3134 2036 3184; x_wconf 67' lang='grc' dir='ltr'>ἀθυμίαν</span> <span class='ocrx_word' id='word_1_564' title='bbox 2059 3134 2200 3180; x_wconf 71' lang='grc' dir='ltr'>αὐτοὺς</span> <span class='ocrx_word' id='word_1_565' title='bbox 2233 3135 2428 3186; x_wconf 67' lang='grc' dir='ltr'>ἐμβαλεῖν,</span> <span class='ocrx_word' id='word_1_566' title='bbox 2465 3134 2556 3183; x_wconf 72' lang='grc' dir='ltr'>ὅπερ</span> 
     </span>
     <span class='ocr_line' id='line_1_45' title="bbox 101 3187 1171 3253; baseline 0.006 -28"><span class='ocrx_word' id='word_1_567' title='bbox 101 3188 164 3225; x_wconf 74' lang='grc' dir='ltr'>καὶ</span> <span class='ocrx_word' id='word_1_568' title='bbox 186 3187 207 3226; x_wconf 79' lang='grc' dir='ltr'>ὁ</span> <span class='ocrx_word' id='word_1_569' title='bbox 231 3190 357 3239; x_wconf 76' lang='grc' dir='ltr'><em>ῥήτωρ</em></span> <span class='ocrx_word' id='word_1_570' title='bbox 381 3190 421 3229; x_wconf 76' lang='grc' dir='ltr'>ἐν</span> <span class='ocrx_word' id='word_1_571' title='bbox 436 3193 555 3253; x_wconf 60' lang='grc' dir='ltr'><strong><em>Ξρίτῳ</em></strong></span> <span class='ocrx_word' id='word_1_572' title='bbox 577 3197 653 3232; x_wconf 79' lang='grc' dir='ltr'>τῶν</span> <span class='ocrx_word' id='word_1_573' title='bbox 670 3192 745 3234; x_wconf 79' lang='grc' dir='ltr'>Ὀλ.</span> <span class='ocrx_word' id='word_1_574' title='bbox 769 3193 809 3233; x_wconf 80' lang='grc' dir='ltr'>ἐκ</span> <span class='ocrx_word' id='word_1_575' title='bbox 831 3197 1038 3243; x_wconf 72' lang='grc' dir='ltr'>προοιμίων</span> <span class='ocrx_word' id='word_1_576' title='bbox 1059 3198 1171 3232; x_wconf 70' lang='grc' dir='ltr'>ποιεῖ.</span> 
     </span>
    </p>
   </div>
   <div class='ocr_carea' id='block_1_5' title="bbox 2607 1812 2761 1847">
    <p class='ocr_par' dir='ltr' id='par_1_10' title="bbox 2607 1812 2761 1847">
     <span class='ocr_line' id='line_1_46' title="bbox 2607 1812 2761 1847; baseline -0.013 0"><span class='ocrx_word' id='word_1_577' title='bbox 2607 1812 2664 1847; x_wconf 85' lang='lat' dir='ltr'>Or.</span> <span class='ocrx_word' id='word_1_578' title='bbox 2695 1812 2761 1846; x_wconf 90' lang='lat'>111.</span> 
     </span>
    </p>
   </div>
  </div>
 </body>
</html>
