2911 3749
1429 176 1476 207 VI

225 315 395 361 librum
439 316 498 360 de
531 315 693 361 Atticis
729 315 1028 375 scriptoribus
1066 322 1113 357 et
1150 315 1211 357 de
1251 314 1486 359 Dinarcho
1532 317 1839 361 collocandus.
1901 316 1958 360 Id
1996 316 2123 375 quod
2163 316 2249 362 nisi
2288 316 2449 373 fallor,
2496 332 2684 364 accura-

229 398 315 442 tius
349 405 504 456 potest
536 399 741 444 indicari.
811 401 929 443 Nam
973 399 1111 457 'quum
1145 397 1388 457 epistolam
1422 398 1483 443 ad
1519 399 1816 445 Tuberonem
1855 397 2097 456 scriberet,
2150 399 2211 445 de
2244 398 2555 446 Demosthene
2585 417 2687 446 sese

230 488 439 540 paratum
479 482 619 526 fuisse
662 483 836 542 aliquid
875 495 1154 541 componere
1185 495 1379 540 eamque
1415 482 1709 542 scriptionem
1722 515 1736 539 ,
1770 489 1821 528 ut
1853 480 2000 527 amico
2032 481 2338 538 satisfaceret,
2382 483 2443 529 de
2478 484 2687 529 manibus

231 564 499 622 deposuisse
518 562 778 611 'confitetur
815 569 828 589 ¹
843 564 903 624 4).
951 565 1049 608 lam
1078 578 1188 608 vero
1220 564 1414 609 diximus
1450 565 1585 610 facile
1620 565 1799 610 ostendi
1836 579 1989 623 posse,
2024 565 2265 624 epistolam
2296 565 2359 609 ad
2389 566 2685 610 Tuberonem

230 647 320 691 iam
350 647 562 694 absoluta
597 648 976 694 commentatione
1005 645 1067 692 de
1102 646 1298 707 antiquis
1333 648 1590 693 oratoribus
1625 649 1843 709 scriptam
1875 665 2002 704 esse3
2039 648 2147 708 quia
2172 648 2274 708 ipse
2305 650 2504 708 scriptor
2538 650 2687 694 diser-

169 730 173 733 “
231 730 286 773 tis
320 730 370 774 id
403 732 557 776 verbis
592 730 900 792 pronuntiavit
938 730 953 752 ¹
969 727 1030 788 ⁵).
1098 730 1316 790 Sequitur
1343 732 1511 792 igitur,
1556 739 1608 777 ut
1634 733 1883 793 promissus
1912 732 2092 777 libellus
2120 732 2180 776 ab
2212 745 2269 776 eo
2303 731 2507 777 diversus
2535 732 2685 777 fuerit.

231 813 329 858 Nec
359 814 586 859 dubitabit
617 816 879 874 quisquam,
913 813 1024 872 quin
1059 814 1279 869 eundem,
1314 814 1374 859 de
1403 830 1497 874 quo
1532 831 1651 860 nnnc
1688 815 1918 875 loquimur
1944 816 2151 861 libellum
2180 814 2457 876 significarit.
2526 814 2685 871 Quare

232 895 400 941 librum
437 897 497 942 de
528 897 840 943 Demosthene
872 896 991 941 inter
1031 896 1271 955 epistolam
1310 897 1373 941 ad
1408 897 1705 943 Tuberonem
1744 905 1791 943 et
1822 899 1938 944 inter
1971 897 2253 944 Dinarchum
2285 905 2411 942 recte
2439 897 2690 943 collocabi-

234 995 357 1035 mus,
393 987 439 1025 et
468 980 592 1025 hunc
627 996 785 1026 verum
819 996 919 1025 esse
952 979 1215 1024 libellorum
1250 979 1462 1038 Dionysii
1494 982 1777 1037 criticorum,
1815 983 1875 1027 de
1911 983 2074 1042 quibus
2117 981 2259 1027 locuti
2286 996 2454 1038 sumus,
2485 981 2693 1027 ordinem

234 1063 439 1108 videmus
477 1064 533 1124 1)
567 1065 627 1110 de
661 1064 923 1119 imitatione,
956 1062 1013 1123 2)
1050 1063 1111 1107 de
1139 1062 1302 1122 priscis
1335 1063 1614 1120 oratoribus,
1651 1063 1709 1124 3)
1738 1065 1934 1123 epistola
1964 1065 2028 1110 ad
2061 1065 2383 1120 Tuberonem,
2414 1064 2473 1124 4)
2504 1065 2566 1110 de
2592 1064 2691 1110 Dess

234 1147 488 1202 mosthene,
517 1146 574 1207 5)
606 1149 666 1193 de
699 1147 948 1193 Dinarcho.
1018 1146 1239 1191 Incertius
1274 1152 1426 1192 autem
1459 1147 1568 1191 licet
1597 1148 1668 1204 sit,
1697 1147 1919 1207 epistolae
1953 1146 2016 1192 ad
2042 1146 2330 1207 Pompeium,
2359 1153 2406 1193 et
2420 1148 2691 1193 Aminaeum

235 1245 329 1289 quo
373 1232 644 1277 referendae
689 1232 791 1286 sint,
839 1231 890 1274 id
921 1236 1076 1275 tamen
1107 1230 1429 1291 cognovimus,
1479 1230 1683 1290 priorem
1715 1230 1957 1294 epistolam
1991 1230 2053 1275 ad
2086 1232 2357 1277 Aminaeum
2390 1236 2494 1276 ante
2524 1230 2693 1275 librum

234 1314 295 1358 de
332 1314 495 1373 priscis
540 1314 797 1359 oratoribus
811 1346 826 1369 ,
877 1313 1121 1373 epistolam
1165 1313 1228 1357 ad
1273 1313 1548 1373 Pompeium
1593 1319 1702 1373 post
1741 1313 1937 1359 eundem
1979 1320 2026 1358 et
2057 1313 2300 1374 epistolam
2330 1314 2393 1359 ad
2423 1314 2693 1360 Ammseum

235 1398 539 1456 posteriorem
585 1404 695 1456 post
729 1398 973 1456 epistolam
1019 1396 1080 1441 ad
1112 1396 1411 1440 Tuberonem
1457 1410 1486 1439 a
1520 1394 1744 1454 Dionysio
1779 1394 1925 1441 editas
1961 1410 2061 1441 esse
2094 1398 2112 1420 ¹
2125 1396 2185 1455 ⁶).
2689 1427 2694 1433 .

441 1482 527 1525 His
562 1482 624 1524 ita
657 1480 874 1539 expositis
905 1479 967 1524 ad
998 1478 1204 1540 priorem
1239 1476 1483 1539 epistolam
1525 1478 1586 1523 ad
1625 1478 1898 1527 Ammaeum
1940 1479 2125 1525 missam
2164 1478 2310 1525 unde·
2327 1477 2422 1525 huc
2463 1436 2696 1540 digressus

238 1579 353 1618 sum,
387 1571 608 1619 revertor,
644 1571 690 1607 et
716 1570 1021 1622 posteaquam
1048 1562 1179 1622 quod
1203 1562 1344 1616 volui,
1374 1575 1513 1620 quem
1543 1562 1660 1607 inter
1688 1560 2068 1609 Demosthenicos
2095 1562 2278 1609 libellos
2305 1561 2517 1621 Dionysii
2542 1561 2699 1607 locum

238 1656 463 1707 occupet,
495 1648 825 1700 demonstravi3
859 1661 977 1706 quae
1012 1645 1070 1690 sit
1098 1644 1141 1689 ei
1175 1644 1293 1689 fides
1332 1649 1379 1689 et
1406 1644 1650 1689 auctoritas
1683 1644 1916 1701 habenda,
1947 1660 2159 1691 enarrare
2193 1644 2403 1690 studebo.
2471 1642 2698 1689 Fortassis

239 1740 391 1777 autem
412 1732 570 1792 priora
602 1732 682 1775 illa
716 1730 778 1774 ad
794 1729 914 1774 hanc
948 1742 1133 1790 quoque
1166 1727 1479 1789 quaestionem
1512 1742 1604 1774 non
1631 1726 1745 1774 nihil
1772 1727 1937 1774 valent.
1963 1751 1967 1755 ·
1990 1727 2195 1775 Primum
2223 1728 2344 1774 enim
2363 1728 2440 1773 vix
2459 1727 2703 1789 negabitur

240 1833 267 1859 a
295 1831 544 1874 quoquam,
579 1815 710 1858 aliter
730 1814 888 1873 paullo
910 1813 973 1857 de
1006 1811 1166 1856 libello
1202 1810 1479 1855 censendum
1511 1810 1667 1865 finisse,
1697 1810 1735 1854 si
1762 1817 2011 1870 postquam
2028 1812 2273 1871 Dionysius
2309 1811 2371 1856 de
2388 1809 2703 1856 Demosthene

241 1898 501 1958 scripserat,
535 1898 696 1942 fuisset
725 1894 1005 1953 composita,
1035 1909 1172 1952 quam
1200 1892 1282 1937 ubi
1310 1899 1543 1935 ostensum
1571 1898 1655 1946 est,
1690 1893 1898 1935 omnibus
1933 1907 2036 1936 eam
2064 1894 2367 1950 praecessisse
2396 1893 2704 1952 scriptamque

242 1996 299 2027 eo
329 1996 429 2027 esse
460 1986 686 2039 tempore,
721 1992 812 2037 quo
845 1976 1047 2022 nondum
1083 1974 1262 2036 sing-ula
1291 1990 1501 2033 quaeque
1534 1974 1732 2033 scriptor
1748 1974 2081 2034 perquisiverat
2099 1990 2152 2019 ea
2174 1975 2425 2037 diligentia,
2454 1989 2591 2044 quam
2615 1974 2702 2019 ad-

241 2042 406 2110 liibere
443 2064 604 2118 solent,
640 2062 718 2121 qui
747 2062 808 2106 de
840 2066 1110 2121 argumento
1140 2058 1294 2116 aliquo
1330 2058 1532 2102 scribere
1562 2064 1793 2101 conantur.
1834 2058 1932 2101 Iam
1965 2058 2084 2103 enim
2118 2072 2210 2101 non
2231 2058 2512 2115 miraremur,
2530 2058 2569 2102 si
2586 2073 2704 2117 quae

242 2149 288 2192 in
310 2147 401 2192 hac
429 2146 627 2206 epistola
661 2149 909 2198 sumuntur,
946 2159 1000 2186 ea
1035 2142 1094 2185 ab
1122 2141 1288 2184 eodem
1324 2140 1548 2200 scriptore
1579 2146 1688 2199 post
1717 2139 1939 2184 secundas
1969 2154 2099 2185 curas
2128 2140 2477 2187 refellerentur
2465 2155 2592 2201 lps03
2619 2156 2705 2188 uec

243 2231 293 2275 id
328 2230 503 2275 crimini
531 2236 810 2273 verteremus
844 2233 999 2270 nostro
1034 2224 1261 2283 scriptori.
1318 2223 1474 2277 Quare
1500 2223 1552 2277 si,
1583 2222 1711 2282 quod
1744 2229 1795 2266 tu
1828 2223 1986 2285 colligi
2015 2238 2071 2268 ex
2099 2223 2228 2269 libris
2264 2225 2580 2286 superstitibus
2613 2238 2705 2270 non

245 2330 383 2374 posse
421 2313 659 2358 ostendisti
694 2315 708 2336 ¹
724 2312 793 2369 ⁷),
845 2309 923 2353 hic
964 2324 1095 2352 veras
1125 2323 1225 2351 esse
1262 2306 1473 2350 crederet
1513 2305 1835 2350 Demosthenis
1871 2306 2122 2363 orationes,
2168 2322 2280 2366 quas
2314 2308 2426 2353 alibi
2454 2308 2706 2364 damnaret,

246 2414 339 2444 non
366 2403 525 2457 posset
555 2400 806 2454 propterea
839 2394 940 2452 ipse
975 2391 1181 2436 damnari
1216 2397 1293 2434 aut
1328 2389 1639 2450 negligentiae
1668 2390 1801 2450 argui
1841 2388 1930 2448 ¹⁸).
1998 2390 2179 2436 Deinde
2211 2398 2422 2452 apparet,
2448 2390 2570 2438 hanc
2604 2390 2706 2450 epi-

388 2607 447 2652 ²⁴)
474 2618 531 2652 ep.
558 2605 607 2640 ad
631 2603 771 2639 Tuber.
798 2615 834 2648 p.
858 2604 929 2637 812
952 2594 1258 2647 ,,οἰναβα).όμενος
1282 2597 1353 2643 τὴν
1378 2596 1464 2642 περὶ
1489 2595 1763 2643 Δημοσθένους
1787 2599 2066 2644 πραγματείαν,
2103 2596 2153 2645 ἣν
2182 2596 2283 2645 εἶχον
2305 2596 2347 2635 ἓν
2368 2598 2512 2645 χερσίν,
2551 2594 2707 2644 ὑπεσχό-

247 2676 322 2709 μην
346 2674 383 2698 τε
407 2661 557 2707 ποιήσει
545 2673 593 2705 ιν,
617 2673 669 2701 ως
692 2659 875 2706 προῃροῦ·
899 2656 964 2692 καὶ
986 2654 1182 2696 τελέσαςτ
1161 2653 1232 2700 τὴν
1255 2651 1457 2699 ὑπόσχεσιν
1479 2650 1719 2699 ἀποδίδωμι]

389 2720 450 2764 ¹⁸)
481 2719 521 2753 in
551 2731 609 2763 ep.
641 2719 689 2752 ad
712 2718 933 2752 Aminaeum
956 2714 1164 2759 posteriore
1187 2724 1222 2758 p.
1247 2715 1317 2745 788
1338 2725 1414 2757 seq.
1449 2709 1662 2757 ,,πρότερον
1691 2709 1759 2756 μὲν
1788 2709 1829 2747 ἐν
1844 2714 1928 2753 τοῖς
1952 2711 2037 2757 περὶ
2060 2713 2137 2748 τῶν
2161 2709 2327 2757 ἀρχαίων
2349 2709 2520 2759 ῥητόρων
2542 2710 2639 2758 πρὸς
2662 2711 2706 2747 τὸ

249 2776 318 2812 σὸν
341 2787 463 2819 ονομα
497 2775 734 2818 σννταχθειι
684 2784 734 2808 ισι
736 2785 757 2807 ν
790 2769 1119 2816 ὑπομνηματισμοι
1123 2780 1162 2811 ς,
1199 2763 1337 2812 ὀλίγοις
1362 2766 1402 2803 δὲ
1425 2766 1595 2814 πρόσθεν
1616 2766 1787 2814 χρόνοις,
1829 2766 1870 2804 ἐν
1892 2769 1937 2816 τῇ
1961 2768 2048 2816 περὶ
2069 2765 2190 2806 αὐτοῦ
2220 2769 2290 2805 τοῦ
2325 2769 2564 2806 θονκνδίδον
2594 2780 2708 2803 κατα-

248 2830 498 2875 σκευασθείσῃ
519 2831 648 2875 γραφῇ
672 2841 933 2873 προσειπωντ
912 2826 980 2863 τὸν
1000 2826 1128 2862 Αἴλιον
1155 2823 1410 2871 Τουβέρωνα“
1434 2837 1530 2871 quae
1552 2828 1669 2863 verba
1691 2828 1875 2873 quomodo
1898 2828 2148 2875 intelligenda
2172 2828 2266 2870 sint,
2298 2827 2425 2863 docuit
2447 2827 2495 2863 ad
2517 2826 2629 2862 mum
2651 2826 2707 2861 lo-

250 2904 335 2926 cum
359 2890 579 2934 Kruegeru·
603 2889 643 2922 V.
670 2888 725 2921 cl.
752 2900 786 2932 p.
815 2889 895 2921 4⁵0.

392 2946 453 2990 1⁶)
479 2945 587 2979 Hanc
611 2944 812 2989 epistolam
837 2946 963 2978 autem
987 2941 1163 2986 quoniam
1188 2939 1243 2975 ait
1267 2949 1350 2973 sese
1373 2939 1474 2976 haud
1496 2940 1552 2977 ita
1575 2942 1695 2977 multo
1719 2947 1805 2978 ante
1831 2941 2099 2987 conscripsisse
2123 2941 2170 2976 ad
2195 2939 2445 2983 Tuberonem,
2481 2939 2706 2986 sumpserim

252 3004 392 3039 editam
415 3013 502 3037 esse
526 3006 612 3036 aute
635 3001 775 3035 librum
800 3001 846 3035 de
870 2998 1121 3034 Demosthene
1142 2996 1402 3041 compositum.

393 3061 453 3104 1⁷)
477 3071 513 3103 p.
537 3061 571 3092 4.
597 3062 670 3091 not.
696 3060 730 3091 5.

394 3117 454 3160 ¹⁸)
479 3116 517 3150 id
547 3114 646 3159 quod
678 3114 849 3149 fecerunt
876 3110 1104 3155 liudigerus
1133 3109 1180 3144 de
1215 3120 1295 3144 can.
1330 3108 1432 3143 Phil.
1463 3121 1498 3154 p.
1533 3113 1556 3143 9
1592 3122 1692 3155 seqq.
1731 3111 1874 3146 Becker.
1897 3112 2063 3147 nemost.
2088 3110 2255 3156 Philipp.
2280 3109 2374 3145 ned.
2398 3121 2433 3155 p.
2461 3112 2529 3146 100
2551 3108 2705 3156 Dionys.

254 3174 500 3219 Rednergev.
524 3172 558 3206 d.
583 3171 688 3206 Dem.
715 3182 751 3215 p.
779 3168 900 3204 xxlv
923 3169 1049 3204 annot.
1073 3169 1130 3202 28.
1151 3170 1189 3202 et
1212 3170 1298 3211 post
1322 3177 1387 3201 eos
1409 3165 1715 3203 Westermannus
1736 3168 1777 3203 V.
1803 3168 1859 3203 cl.
1885 3169 1932 3206 de
1957 3167 2112 3214 olynth.
2137 3171 2246 3203 oratt.
2270 3166 2410 3210 ordine,
2434 3179 2471 3213 p.
2494 3169 2552 3203 ⁷2.

2090 3338 2121 3346 x
