2911 3749
185 374 343 416 ratione
370 373 493 414 fldem
530 382 613 412 uon
640 381 800 411 omnem
827 369 1053 422 abrogarit,
1113 366 1217 407 tanti
1255 369 1389 407 tumen
1427 365 1610 418 Dionysii
1648 365 1748 405 fecit
1786 362 2089 409 auctoritatem,
2138 364 2184 399 ut
2222 359 2308 398 eius
2342 357 2459 397 lance
2496 369 2634 397 omnes

185 443 364 495 reliquos
402 421 593 481 rhemi-es
630 441 673 478 et
711 438 992 491 grammaticos
1020 436 1063 477 in
1100 434 1228 475 ultera
1253 434 1372 475 leuce
1407 435 1563 486 positos
1596 433 1769 486 deprimi
1800 430 1988 471 iudicarit
2026 426 2203 482 (Transl.
2235 425 2350 466 Dem.
2378 438 2417 476 p.
2447 425 2532 464 219
2560 422 2635 478 n.).

184 511 306 551 Hunc
344 507 496 560 exeipit
530 505 769 550 Godooldus
805 505 1006 546 Weiskius
1043 499 1128 558 (De
1164 502 1403 556 Hyper-bole
1432 502 1628 542 Errorum
1656 500 1701 540 ln
1733 499 1835 539 Phil.
1867 498 1973 537 Hist.
2008 495 2324 535 Commissorum
2354 491 2562 532 Genitrice
2590 491 2634 530 P.

185 578 255 626 111,
283 591 323 629 p.
351 575 410 615 8⁰
439 571 534 628 Ml.)-
591 574 716 616 Cuius
744 574 819 612 viri
840 573 955 612 <libro
980 571 1163 623 ‚quumvis
1191 572 1324 609 bonae
1349 571 1478 622 fragis
1503 569 1658 608 referto
1686 569 1969 614 admonemur,
1999 577 2117 616 quam
2145 564 2198 601 sit
2224 562 2412 609 difficile,
2452 562 2487 598 si
2513 561 2636 598 talem

186 643 384 696 quandem
419 644 495 682 tibi
528 643 755 682 universnm
791 639 1022 693 disputandi
1057 639 1267 679 materiem
1301 639 1521 690 sumpseris
1560 636 1901 689 persequendum,
1960 634 2047 673 eius
2081 632 2216 672 studio
2243 643 2324 669 non
2348 631 2406 668 ite
2433 629 2565 679 uhripi
2594 633 2639 665 ut

187 723 452 764 quaecunque
478 709 545 749 vel
571 709 743 750 maxime
771 708 903 749 alienu
928 706 981 749 ad
1005 719 1096 747 eam
1121 708 1309 758 tanquam
1336 718 1456 745 uuam
1483 717 1666 745 normam
1695 703 1885 743 adhibeas
1913 706 1956 742 et
1981 703 2261 752 contorqueas.
2338 696 2506 736 Praeter
2531 695 2640 734 hunc

186 778 489 830 Rudigeranum
525 777 625 817 mihi
656 776 725 816 hic
760 787 910 827 anceps
947 775 1002 815 de
1039 773 1184 814 ordine
1214 774 1441 815 orationum
1478 774 1670 814 iudicium
1706 770 2102 812 commemorandum
2137 771 2202 807 est
2226 767 2287 817 (a.
2320 761 2640 816 mcccxix).

187 845 345 887 Deinde
388 849 524 887 eutem
560 843 801 898 Rudolphus
836 843 1187 885 Rauehenstenius
1222 841 1419 896 Dionysio
1457 842 1781 897 patrocinaturus
1818 839 2143 881 dissertationem
2182 835 2246 877 De
2283 832 2382 874 Ord.
2413 832 2477 872 01.
2516 831 2642 871 edidit

190 911 308 969 (Lps.
338 909 670 967 MDCCGXXI),
717 923 795 963 „ex
820 910 1008 965 Pinzgeri
1036 911 1179 953 similis
1207 911 1431 965 argumenti
1459 911 1680 965 scriptione
1709 921 1972 963 quaecunque
1997 907 2162 949 volebat
2191 899 2438 944 mutuatus.“
2511 899 2644 951 Atque

189 981 298 1021 idem
328 993 421 1021 cum
444 982 591 1033 postea
618 980 788 1021 sentiret
815 979 1008 1030 ,juvenili
1032 993 1080 1022 se
1107 978 1242 1020 studio
1269 979 1479 1020 incitatum
1507 978 1700 1021 nonnulla
1727 990 1818 1018 cum
1845 977 1998 1018 maiore
2025 974 2174 1015 fiducia
2201 969 2510 1025 pronuntiasse,
2542 979 2645 1019 quae

191 1048 347 1088 cautius
376 1047 471 1089 fort.
500 1047 657 1101 agendo
681 1047 874 1099 fuissent,
910 1048 999 1089 elia·
1021 1048 1142 1089 etiam
1170 1059 1253 1089 non
1280 1048 1486 1101 attigisse,
1522 1060 1628 1101 quse
1655 1045 1707 1087 ad
1734 1059 1824 1086 rem
1854 1043 2144 1086 conficiendum
2175 1038 2379 1081 contemni
2409 1048 2491 1076 non
2520 1035 2647 1075 debe-

190 1117 324 1165 rent,“
353 1116 617 1169 scriptionem
644 1115 755 1157 illam
783 1117 1016 1158 retractavit
1030 1119 1384 1168 ,retractatamque
1411 1116 1549 1156 Bremi
1575 1115 1687 1154 Orat.
1718 1113 1833 1154 Dem.
1863 1112 2049 1152 Delectui
2079 1107 2146 1164 (Β.
2177 1108 2228 1147 G.
2255 1105 2344 1146 XV.
2378 1102 2426 1158 1)
2456 1103 2647 1142 adiunxit.

147 1228 154 1237 ,
193 1183 239 1223 in
271 1184 350 1224 hec
377 1183 661 1225 dissertatione
688 1189 880 1226 renovate
902 1185 1136 1237 gravissima
1166 1195 1219 1223 en
1243 1187 1339 1222 sunt
1367 1187 1625 1236 arguments,
1654 1193 1758 1234 quae
1788 1192 1840 1220 ex
1870 1191 2070 1220 consensu
2099 1187 2219 1230 quem
2250 1173 2408 1213 effinxit
2431 1171 2650 1223 Dionysiae

191 1252 360 1291 rationis
388 1263 479 1292 cum
506 1250 756 1292 Philochoro
784 1257 829 1292 et
856 1265 907 1292 ex
936 1251 985 1292 11.
1011 1250 1208 1297 orationis
1232 1250 1399 1290 exordio
1428 1251 1639 1303 prompsit.
1706 1247 1811 1288 Sed:
1858 1247 2073 1287 dicendum
2100 1247 2165 1284 est
2191 1242 2298 1282 enim
2329 1241 2424 1293 qnid
2456 1240 2650 1280 sentiam:

192 1319 235 1358 in
269 1317 348 1359 hnc
375 1329 536 1370 quoque
563 1317 692 1359 multa
717 1322 811 1359 sunt
836 1321 957 1359 acute
981 1317 1055 1359 illa
1080 1316 1242 1370 quidem
1268 1316 1344 1358 sed
1369 1317 1555 1370 cupidius
1582 1320 1718 1356 temen
1747 1315 1953 1367 disputato
1979 1325 2097 1365 quam
2121 1312 2269 1359 verius,
2297 1309 2422 1349 multe
2451 1307 2650 1356 simulata,

193 1384 441 1426 dissimulata
473 1383 618 1434 multu
675 1381 806 1439 qualis
844 1385 933 1438 quis
967 1384 1125 1427 nesdat
1161 1395 1221 1424 ex*
1250 1387 1549 1438 praeoccupata
1583 1383 1786 1424 sententia
1821 1385 1865 1423 et
1900 1382 2034 1423 studio
2066 1391 2248 1421 caussam
2277 1381 2505 1430 susceptam
2535 1375 2653 1415 enixe

194 1452 334 1491 tuendi
363 1452 469 1491 ultro
498 1452 675 1496 exoriri?
731 1452 1002 1493 Nihilominus
1037 1452 1074 1492 is
1103 1449 1347 1493 meclarum
1377 1462 1498 1492 manu
1526 1462 1610 1507 npn
1642 1461 1767 1504 parve
1794 1450 1966 1503 stipatus
1996 1452 2073 1489 est.
2160 1447 2217 1486 Ut
2245 1445 2353 1485 enim
2382 1444 2554 1497 primum
2583 1441 2653 1482 ille

195 1520 419 1572 processit,
476 1520 537 1558 vir
563 1514 696 1562 semet
724 1520 763 1560 ei
793 1521 972 1561 adiunxit
999 1520 1067 1572 qui
1091 1531 1263 1571 magnae
1292 1519 1460 1572 eiusque
1487 1519 1709 1572 exquisitae
1731 1518 1943 1559 doetrinae
1969 1516 2109 1570 specie
2138 1518 2304 1555 ornatus
2330 1513 2471 1552 ubiubi
2501 1510 2655 1550 incedit

197 1587 443 1627 Theodorus
470 1586 727 1637 Vennonius,
785 1588 850 1638 qui
877 1592 964 1627 tam
988 1587 1036 1626 in
1061 1586 1253 1627 Heidelb.
1279 1586 1424 1625 Annal-
1444 1585 1545 1627 Litt.
1573 1598 1610 1624 a.
1641 1585 1961 1633 Mucccxxu,
2000 1585 2032 1623 f.
2060 1582 2134 1631 ⁶55,
2163 1582 2217 1620 de
2245 1580 2399 1631 scripto
2429 1579 2517 1618 eins
2546 1578 2654 1617 rese-

196 1665 292 1693 rens
319 1652 437 1693 velde
465 1652 682 1693 aunuum
712 1666 806 1693 eum
834 1657 912 1703 est,
941 1656 1029 1693 tum
1055 1653 1099 1693 in
1123 1651 1284 1693 Prolus.
1312 1651 1451 1694 Schol.
1479 1650 1544 1692 De
1572 1651 1664 1692 Situ
1688 1652 1858 1704 Olynthi
1884 1664 1926 1703 p.
1958 1651 2013 1690 16
2043 1653 2086 1690 et
2110 1650 2153 1688 in
2182 1647 2345 1699 Proleg.
2376 1649 2419 1686 et
2447 1645 2566 1686 Notis
2594 1646 2658 1685 Ad

198 1719 314 1761 Dem.
353 1718 457 1759 Phil.
495 1720 647 1772 passim
684 1725 919 1772 argumenta
954 1721 1041 1761 eim
1078 1720 1348 1764 eorroborare
1382 1719 1577 1772 novisque
1612 1732 1763 1772 sugere
1799 1718 1965 1759 studuit.
2053 1716 2275 1756 Praeterea
2307 1728 2330 1755 s
2359 1714 2542 1767 partibus
2570 1713 2657 1753 eius

196 1786 541 1846 stantRudiger,
571 1787 640 1839 qui
664 1787 812 1829 iterum
837 1786 944 1828 Phil.
969 1786 1239 1837 suasedidit,
1293 1788 1639 1827 Zimmermannus
1666 1784 1749 1839 (De
1773 1787 1894 1826 Dem.
1922 1798 1981 1837 sq.
2012 1797 2053 1837 p.
2082 1782 2174 1837 5⁰),
2204 1781 2505 1835 Engelhardtus
2533 1779 2659 1834 (Anu.

200 1854 269 1896 Cr.
299 1854 345 1895 lu
370 1854 494 1901 Dens.
520 1858 562 1908 p.
586 1852 679 1909 11),
709 1854 909 1896 Ernestns
934 1854 1238 1895 Son-munus
1267 1849 1450 1907 (Proleg.
1478 1852 1543 1894 Ad
1572 1853 1693 1894 Dem.
1721 1866 1764 1906 p.
1793 1852 1886 1905 3⁶),
1914 1851 2144 1892 Ludovicus
2174 1850 2359 1892 Fluthius
2389 1847 2517 1904 (nist.
2547 1848 2656 1890 Mne.

200 1923 233 1971 1,
257 1936 298 1974 p.
326 1920 425 1967 188,
454 1919 567 1974 sip),
593 1922 685 1963 dii..
1088 1934 1091 1937 ·

403 1987 487 2028 Sed
515 1988 650 2040 prius,
706 2000 827 2040 quam
858 1987 1014 2027 iteratis
1041 1985 1394 2028 Rauchenstenins
1424 1988 1533 2027 curis
1556 1987 1763 2041 prodiret,
1800 1986 1994 2026 Albertns
2023 1985 2231 2027 Gerardus
2258 1984 2441 2035 Becker,
2477 1986 2539 2025 vir
2565 1996 2661 2024 vere

187 2055 463 2105 ‘venen-abilis,
495 2055 563 2108 qui
592 2058 687 2105 ante
713 2055 1033 2104 adversariorum
1060 2055 1216 2095 faverat
1245 2055 1453 2107 partibus,
1479 2068 1557 2107 pro
1584 2056 1761 2095 omnium
1790 2056 2079 2107 exemplarium
2107 2055 2191 2094 fide
2216 2054 2473 2105 omniumque
2498 2058 2662 2105 praeter

201 2118 437 2178 Dionysium
459 2121 677 2174 rhetorum·
700 2126 743 2162 et
769 2113 1121 2175 grammaticorum
1144 2122 1389 2162 auctoritate
1416 2123 1459 2162 in
1487 2123 1618 2181 aciem
1646 2123 2042 2175 disputationemque
2062 2121 2275 2162 descendit
2298 2120 2523 2176 (Translat.
2545 2121 2660 2161 Dem.

202 2191 307 2233 Phil.
332 2188 405 2240 xl,
432 2204 468 2231 a.
491 2188 830 2239 Mncccxxlv‚
865 2189 962 2230 inde
989 2202 1026 2232 a.
1046 2185 1242 2242 p.=1⁰9),
1295 2189 1385 2240 qui,
1439 2189 1518 2229 nisi
1546 2189 1833 2230 historicorum
1862 2190 2104 2241 scriptorum
2134 2190 2367 2229 testimonia
2393 2201 2484 2228 cum
2512 2189 2661 2229 Demo—

203 2259 351 2300 sthene
377 2257 430 2298 ad
456 2256 662 2309 vulgarem
691 2257 924 2298 orationum
946 2256 1131 2296 ordinem
1157 2268 1282 2308 posse
1311 2257 1517 2297 conciliari
1544 2261 1633 2297 tum·
1657 2257 1731 2308 (ef.
1761 2258 1848 2297 eius
1876 2269 1957 2296 scr.
1981 2257 2035 2296 de
2064 2255 2178 2296 Dem.
2199 2257 2230 2306 1,
2258 2272 2299 2310 p.
2318 2257 2422 2308 172)
2450 2256 2663 2309 despera&

204 2332 292 2376 set,
319 2324 598 2379 questionem
614 2314 716 2366 'eam
741 2323 850 2365 haud
878 2323 963 2364 scio
992 2335 1044 2364 uu
1069 2323 1123 2365 ad
1147 2323 1271 2365 finem
1288 2323 1567 2381 perduxisset.
1628 2324 1736 2366 Tum
1764 2324 1957 2366 adversus
1986 2323 2229 2377 Dionysium
2254 2325 2442 2366 Stuevius
2471 2322 2664 2379 (Osnabr.

204 2389 530 2447 mcccxxx)
561 2393 714 2433 exstitit
741 2395 783 2433 et
804 2390 1134 2441 wentam-nm
1151 2381 1390 2447 *philologus
1417 2392 1642 2448 Lipsiensis
1673 2388 2036 2448 (Mocccxxx).
2096 2392 2153 2433 Et
2182 2393 2337 2434 stuevii
2365 2393 2529 2448 quidem
2557 2406 2663 2434 nunc

207 2461 463 2517 quaestiones
493 2461 649 2502 omitto·
734 2460 770 2500 Α
795 2459 1104 2501 Woetermtnno
1133 2464 1291 2513 antem,
1335 2462 1502 2505 homine
1530 2460 1767 2505 eruditionis
1797 2461 2170 2515 copiis-admodum
2199 2462 2398 2504 instructo
2428 2462 2664 2504 multorum·

207 2543 288 2585 que
322 2529 403 2570 vim
436 2528 639 2570 dictorum
674 2540 723 2569 uc
757 2531 999 2583 potestatem
1028 2533 1149 2571 acute
1181 2534 1322 2572 mente
1354 2536 1398 2573 et
1427 2531 1627 2584 sagaciter
1655 2535 1865 2581 assecuto,
1921 2529 2242 2571 adversariorum
2273 2531 2462 2573 crederes
2489 2532 2665 2584 impetus

206 2597 434 2639 retardatos
459 2609 551 2638 esse
578 2607 628 2637 ac
654 2606 887 2650 repressos;
942 2609 1022 2639 nec
1046 2601 1181 2653 tamen
1211 2598 1305 2650 ille,
1336 2613 1428 2641 cum
1456 2601 1497 2640 in
1523 2599 1602 2639 hac
1627 2603 1676 2639 re
1702 2598 2019 2640 tummim-anda
2044 2599 2101 2639 ite
2130 2603 2291 2651 egeret,
2319 2604 2377 2650 ut,
2407 2598 2514 2652 quod
2540 2600 2665 2639 maxi-

208 2678 318 2705 mum
354 2665 407 2722 ad
441 2678 530 2706 eam
565 2665 704 2706 facere
736 2669 983 2707 momentum
1011 2666 1211 2718 debebat,
1253 2666 1492 2709 Philochori
1520 2679 1613 2708 cum
1641 2666 1918 2708 Demosthene
1944 2678 2184 2706 consensum
2213 2679 2295 2707 non
2324 2667 2512 2708 efficeret
2550 2672 2595 2707 et
2622 2668 2664 2706 in

209 2732 451 2786 gravissimis
477 2733 601 2774 rebus
629 2733 719 2787 ipse
748 2733 965 2787 titubaret,
1004 2746 1187 2778 caussam
1213 2734 1272 2775 ita
1298 2735 1432 2788 potuit
1465 2734 1653 2776 obtinere
1680 2738 1727 2776 ut
1754 2747 1836 2776 non
1864 2733 2013 2774 iudicio
2042 2732 2213 2786 amplius
2242 2733 2369 2776 fuerit
2399 2736 2666 2789 pronuncian-

210 2800 320 2840 dum.
385 2797 567 2854 Reliquit
592 2800 716 2855 igItur
743 2805 789 2843 ut
817 2802 861 2842 in
884 2802 929 2843 id
955 2804 1178 2857 praecipue
1203 2801 1434 2856 diligentius
1461 2802 1673 2845 videretur-
1694 2801 1996 2856 inquirendum,
2040 2812 2136 2842 num
2164 2802 2217 2843 ab
2246 2802 2329 2845 hoc
2357 2803 2512 2857 vulgari
2540 2802 2665 2856 Olyn-

213 2869 438 2909 thiacarum
472 2869 616 2909 ordine
652 2870 881 2910 testimonie
915 2883 940 2910 e
972 2883 1109 2910 rerum
1140 2870 1405 2924 scriptoribus
1431 2872 1652 2912 memoriae
1679 2871 1827 2911 tradita
1855 2871 1915 2910 ita
1947 2870 2250 2924 discreparent,
2306 2876 2356 2913 ut
2384 2885 2477 2913 eum
2505 2872 2667 2911 mittere

214 2948 385 2976 necesse
413 2939 537 2985 esset,
560 2948 614 2976 au
642 2938 845 2978 conciliari
873 2951 964 2992 cum
992 2950 1045 2979 eo
1073 2938 1131 2977 ita
1157 2941 1341 2991 possent,
1364 2941 1412 2977 ut
1440 2942 1484 2979 et
1513 2952 1563 2979 ee
1588 2943 1824 2992 argumenta
1852 2950 1956 2991 quae
1980 2942 2059 2991 pro
2084 2938 2212 2980 niter·
2241 2943 2357 2993 parte
2382 2940 2520 2980 fucere
2546 2939 2669 2993 plane

216 3002 448 3047 viderentur
474 3003 524 3046 iis
552 3005 795 3048 testimoniis
828 2994 1170 3049 contunderentur
1206 3010 1250 3047 et
1280 3005 1585 3059 frangerentur,
1639 3012 1682 3048 et
1712 3021 1810 3049 vero
1837 3011 2026 3060 tempora
2054 3007 2298 3061 singularum
2325 3012 2492 3062 possent
2520 3009 2671 3049 oratio-

216 3080 313 3125 num
336 3071 559 3133 accuratius
580 3070 752 3123 deliniri.
824 3073 901 3116 His
934 3071 1158 3123 commotus
1187 3070 1318 3123 subita
1345 3074 1551 3118 scribendi
1580 3074 1797 3118 occasione
1824 3074 1959 3118 oblata
1985 3073 2091 3118 haec
2120 3087 2198 3130 ego
2221 3076 2265 3117 in
2295 3074 2544 3119 eruditorum
2574 3089 2672 3120 con-

219 3140 363 3191 spectu
392 3151 598 3193 exponere
620 3153 703 3184 non
729 3141 921 3191 dubitavi.
