2911 3749
1411 217 1478 245 vn
1484 218 1498 245 Ι

219 350 396 395 facilius
432 349 576 394 multo
613 364 715 394 eam
748 350 1058 408 quaestionem
1093 358 1139 394 et
1174 352 1334 396 melius
1372 353 1487 397 solvi
1522 352 1771 413 potuisse,
1800 352 1836 395 si
1879 365 1997 410 qnae
2029 352 2297 412 tenporu'm*
2324 351 2455 413 signa
2487 351 2684 411 ins-ipsis

222 449 323 478 sese
351 433 557 493 produnt
589 434 868 480 orationibus
899 448 1119 492 quaerere
1154 436 1325 491 solum,
1379 451 1466 481 nec
1500 436 1694 481 aliorum
1723 434 1784 480 de
1803 449 1868 479 =ea
1900 448 1952 479 re
1985 434 2244 480 testimonia
2274 422 2493 494 quamvis
2516 434 2694 480 arden—¹

223 517 396 562 tissimo
434 516 585 562 studio
622 523 913 576 comportare
948 517 1217 563 voluissent:
1267 534 1386 578 quae
1418 525 1469 563 ut
1502 525 1605 563 sunt
1638 533 1720 564 sua
1760 524 1920 564 natura
1949 517 2149 573 lubrica,
2178 517 2262 563 fita'
2291 516 2384 563 hae
2397 521 2611 577 ffquoque·
2635 518 2684 563 in

223 602 491 662 quaestione
526 599 793 656 effecerunt,
824 609 873 645 ut
906 617 935 644 a
962 602 1153 645 veritate
1182 604 1314 647 multi
1353 583 1637 662 aliquantum
1668 601 1961 650 declinarent.
2013 602 2174 661 ltaq‘ue
2187 617 2276 646 seur
2294 603 2530 658 miramur,
2557 601 2685 662 quod

223 687 301 746 qui
331 692 497 747 postea
528 686 590 730 de
622 676 1080 730 Demosthenicarum
1110 689 1367 732 orationum
1397 687 1697 749 temporibus⁵
1716 685 2027 748 disputarunt,
2076 699 2161 731 nec
2194 685 2405 731 refutare
2434 689 2538 732 ιω·
2566 687 2685 731 adeo

223 753 583 815 commemorare
628 769 967 835 dissentientem
1014 771 1286 829 Dionysium
1335 772 1597 818 voluerint?
1663 773 1738 818 Ex
1783 773 1887 817 loco
1933 772 2053 816 enim
2103 771 2187 816 aba
2229 770 2289 815 te'
2319 772 2504 830 quoque
2546 770 2692 815 allato

220 853 482 914 Ulpianeo‚
520 853 805 913 quaestiones
842 868 942 898 esse
978 853 1038 899 de
1072 868 1183 899 vero
1220 846 1612 914 Olynthiacarum
1639 854 1897 901 orationum
1932 853 2096 901 ordine
2126 853 2517 915 afpmrioribm
2551 853 2681 898 imti—

220 943 341 983 tutas
380 937 696 998 intelligimus:
749 950 840 980 non
883 936 1098 982 discimus
1137 937 1408 996 Dionysium
1455 916 1640 998 quo‘que
1685 952 1820 984 sum
1864 935 2073 998 aliquod
2101 936 2683 996 amiciam-pronuntiasse.

223 1020 370 1066 Aliter
405 1026 557 1065 autem
586 1020 694 1064 alibi
734 1027 939 1081 egerunt.
1011 1021 1165 1077 Quum
1209 1021 1328 1066 enim
1370 1021 1616 1080 Dionysius
1660 1023 1858 1083 primam
1901 1027 2020 1082 quae
2061 1019 2202 1084 vulgo
2243 1021 2388 1066 fertur
2434 1020 2685 1065 orationem

222 1102 533 1163 philippicam
568 1103 615 1148 in
645 1104 757 1149 duas
788 1104 1035 1149 divisisset:
1073 1111 1142 1149 est
1174 1111 1425 1164 propterea
1461 1106 1520 1150 ab
1555 1105 1758 1165 Ulpiano
1791 1106 1942 1158 verbis
1977 1105 2165 1151 dise-tia
2191 1104 2428 1149 refutatus.

430 1186 526 1233 Sed
563 1203 648 1232 nec
682 1188 727 1244 ii,
761 1203 833 1233 me
871 1188 1046 1244 iudice,
1086 1196 1211 1234 recte
1243 1188 1547 1249 disputarunt,
1583 1189 1662 1248 qui
1697 1170 1855 1235 contra
1885 1188 2156 1249 Dionysium
2185 1186 2388 1233 omnium
2424 1187 2683 1233 criticorum

222 1272 663 1331 scholiastarumque
705 1274 887 1317 turbam
930 1273 1244 1331 librorumque
1290 1274 1700 1332 manuscriptorum
1746 1274 2060 1319 auctoritatem
2094 1271 2393 1333 protulerunt.
2458 1272 2684 1318 Utcnim

222 1356 283 1401 de
317 1355 445 1400 libris
477 1356 797 1416 manuscriptis
834 1357 1032 1416 primum
1068 1356 1217 1401 dicam
1232 1389 1244 1405 ,
1298 1354 1416 1400 nunc
1446 1355 1670 1400 Voemelii
1710 1355 1949 1418 diligentia
1981 1354 2152 1411 adiuti,
2180 1356 2380 1417 *negare
2422 1367 2681 1415 possumus,

221 1456 379 1486 omnes
418 1440 612 1485 eandem
663 1442 791 1499 sequi
836 1441 1070 1485 rationem.
1158 1440 1255 1484 Sed
1305 1446 1355 1484 ut
1394 1447 1692 1498 sequerentur
1733 1439 1931 1486 eundem
1971 1454 2128 1506 omne·
2150 1439 2400 1496 :udinem
2457 1438 2680 1499 numquid

221 1524 329 1568 inde
362 1525 522 1583 magni
565 1523 928 1582 proficeremus?
980 1530 1199 1584 quantum
1236 1523 1445 1583 intelligo
1487 1522 1613 1568 nihil.
1684 1522 1959 1583 Quicunque
2005 1524 2141 1571 enim
2164 1523 2310 1569 no'vi‘t:
2335 1523 2494 1569 libms,
2518 1536 2682 1568 manu-

221 1606 419 1667 scriptos
434 1639 448 1663 ,
488 1606 526 1651 is
564 1611 851 1667 compertum
878 1606 1049 1663 habet,
1095 1621 1174 1651 eos
1217 1610 1430 1666 tempora
1473 1618 1612 1666 saepe
1648 1619 1740 1651 non
1759 1603 1878 1652 'esse
1904 1604 2098 1653 seauton.
2164 1605 2683 1665 Quidzzmixnsa³÷nonne

220 1698 313 1736 tres
341 1691 409 1736 illi
439 1689 743 1749 Olynthiacas
778 1681 1005 1744 orationes
1040 1691 1194 1751 primo
1228 1691 1517 1750 primamque
1554 1688 1905 1751 philippicam,
1927 1687 2536 1752 qaaernk'pnemfmenda
2569 1695 2682 1745 erat,

221 1775 424 1820 secundo
459 1775 565 1819 loco
597 1774 880 1833 posuerunt?
949 1774 1115 1819 Libros
1150 1781 1301 1819 autem
1334 1775 1667 1834 manuscriptos
1683 1794 1687 1798 ·
1701 1772 1914 1833 plerique
1947 1772 2227 1832 critioenuin,
2240 1772 2684 1829 aschalis-tamnen

222 1857 659 1920 lexicographorum
687 1858 751 1902 ita
785 1864 888 1902 sunt
923 1859 1091 1912 secuti,
1137 1864 1186 1902 ut
1225 1858 1344 1903 adeo
1383 1852 1582 1916 primam
1617 1853 1955 1916 Olynthiacam*
1980 1846 2181 1920 primast
2207 1855 2526 1919 mnilippicum
2562 1856 2683 1901 male

222 1942 533 1995 nominarent,
580 1947 774 1999 suntque
806 1941 980 1985 idcirco
1016 1955 1070 1984 ex
1100 1941 1284 1984 testium
1319 1954 1508 1985 numero
1541 1939 1810 1998 excipiendi.
1880 1939 2085 1985 Proinde
2103 1936 2258 2001 igitur
2282 1937 2344 1984 -in
2377 1939 2499 1984 irae:
2524 1943 2683 1984 mssa

221 2023 561 2084 Harpocratio,
610 2024 931 2084 Hermogenes
967 2037 1069 2066 cum
1108 2023 1330 2080 Syriano,
1378 2022 1601 2082 Sopatro,
1655 2021 1930 2067 Marcellino
1940 2017 2371 2082 ‚⁴2Ponphinio,i²et
2400 2019 2681 2081 Epiphanio,

220 2108 417 2168 Apsines
461 2109 629 2168 aliique
660 2122 753 2152 non
794 2107 1157 2151 nominabuntur.
1229 2107 1446 2150 Libanius
1492 2115 1642 2150 antem
1678 2102 2019 2166 Upiwmque,
2055 2102 2154 2151 ioli
2194 2113 2335 2152 testes
2375 2105 2679 2165 producendi,

221 2207 308 2252 pro
339 2208 393 2236 ea
420 2199 630 2253 pugnant
663 2192 859 2245 ratione,
894 2206 1029 2249 quae
1043 2191 1128 2234 tibi
1163 2190 1406 2247 multisque
1442 2189 1538 2233 aliis
1568 2196 1614 2234 et
1648 2190 1762 2233 mihi
1787 2190 1880 2249 ipsi
1914 2205 2046 2236 vera--
2045 2191 2241 2235 videtur
2264 2203 2362 2235 esse
2395 2190 2524 2234 ratio.
2594 2190 2680 2233 At-

220 2292 311 2335 que
344 2283 468 2321 recte
505 2275 572 2320 illi
611 2274 725 2320 nihil
761 2274 844 2320 nisi
881 2274 1005 2334 ipsas
1039 2274 1266 2318 orationes
1296 2272 1672 2318 Demosthenicas
1709 2266 1952 2335 rerumque
1982 2275 2029 2322 in
2062 2269 2249 2336 thguhs
2283 2272 2508 2320 dictarum
2543 2272 2679 2361 indo-

220 2360 311 2404 lem
339 2360 680 2406 consuluerunt.
713 2358 840 2418 quod
881 2364 1103 2404 nostrates
1139 2358 1289 2416 ipsum
1324 2371 1510 2416 quoque
1539 2357 1694 2403 facere
1726 2350 1970 2404 debebant.
2259 2413 2264 2423 .

425 2443 547 2488 Mihi
575 2445 716 2503 igitur
745 2443 991 2501 Dionysius
1022 2443 1059 2486 si
1096 2441 1274 2495 erravit,
1321 2457 1348 2485 a
1382 2441 1609 2486 veteribus
1639 2442 1840 2488 videtur
1867 2442 1914 2487 in
1938 2456 2150 2488 errorem
2185 2457 2287 2488 esse
2315 2442 2546 2498 inductus,
2587 2458 2679 2488 non

220 2530 350 2572 aliter
388 2536 526 2586 atque
563 2529 610 2570 in
651 2542 768 2570 anno
811 2528 950 2569 natali
992 2526 1313 2569 Demosthenis
1352 2526 1667 2584 significando.
1770 2528 2028 2585 Utrumque
2050 2556 2055 2559 -
2074 2522 2238 2574 autem·
2267 2541 2470 2571 errorem
2516 2527 2678 2585 postea

219 2612 372 2656 nescio
402 2611 501 2670 quis
537 2611 760 2663 correxit3
798 2616 1053 2653 correctum
1081 2609 1202 2653 hunc
1241 2623 1295 2651 ex
1313 2608 1564 2652 Plutarcho
1600 2623 1634 2652 s.
1654 2601 2097 2669 Pseudopliitarcho,
2119 2619 2182 2657 'ut
2195 2611 2485 2672 ‘quibusdam
2507 2611 2675 2665 visum3

220 2693 349 2739 illum
382 2709 437 2738 ex
465 2694 661 2740 Libanio
694 2693 917 2738 novimus,
987 2692 1130 2737 Tales
1169 2698 1319 2736 autem
1351 2705 1528 2737 errores
1578 2690 1714 2737 facile
1756 2692 2000 2750 admissos,
2045 2694 2238 2742 facilius-
2259 2695 2395 2741 etiam
2441 2696 2675 2741 condom-

220 2778 335 2822 bunt
369 2792 524 2821 omnes
553 2776 717 2822 harum
752 2791 905 2821 rerum
931 2775 1071 2837 periti
1103 2775 1289 2820 iudices.
2194 2762 2197 2765 ¹

423 2862 555 2904 Haec
585 2868 699 2914 sunt,
738 2861 806 2903 vir
838 2861 1130 2913 amicissime,
1161 2875 1278 2918 quae
1307 2861 1561 2918 praefanda
1592 2859 1835 2904 habebam.
1884 2860 1999 2906 Sunt
2020 2862 2112 2916 illa,
2149 2868 2199 2906 ut
2225 2864 2457 2922 perspicio
2493 2864 2593 2921 ipse
2629 2872 2674 2906 et

219 2948 389 3001 fateor,
425 2959 518 2988 non
549 2944 706 3005 magni
734 2944 963 2988 momenti.
1032 2942 1155 2987 Mihi
1190 2950 1343 2987 autem
1366 2931 1496 2989 ⁴nunc
1527 2943 1807 3000 sufficiebat,
1851 2961 2001 2991 meam
2035 2961 2160 3006 >erga
2202 2953 2247 2990 te
2291 2946 2533 2992 amicitiam
2573 2964 2671 2993 esse

220 3033 490 3089 professum.
561 3029 679 3073 Vale
712 3036 757 3073 et
791 3029 917 3087 quod
947 3029 1058 3073 facis
1088 3043 1162 3073 me
1196 3044 1350 3073 amare
1382 3044 1543 3088 perge.

489 3113 760 3156 Scribebam
793 3113 943 3171 pridie
981 3112 1206 3157 Calendas
1243 3112 1488 3155 Novembr.
1526 3129 1564 3155 a.
1602 3111 1748 3156 1832.
