2911 3749
443 297 599 338 Eadem
628 297 768 339 iudicii
796 300 1020 341 sobrietate
1048 314 1097 342 ac
1126 301 1316 342 rhetores
1345 303 1405 344 illi
1434 308 1477 345 et
1504 305 1778 358 grammatici,
1826 305 1868 345 in
1894 317 2064 358 quorum
2093 318 2304 348 numerum
2333 309 2508 362 Apsines
2538 323 2700 366 quoque

236 368 280 408 et
307 364 474 406 Photius
502 365 710 407 referendi
740 372 857 417 sunt,
915 370 1065 409 renatis
1093 383 1170 422 per
1198 369 1352 411 ltaliam
1378 372 1558 426 aliasque
1585 378 1717 414 terras
1744 374 1968 413 litterarum
1997 375 2141 415 studiis
2168 388 2309 417 omnes
2338 379 2468 430 primo
2498 382 2541 417 et
2572 379 2701 420 edito·

232 445 301 474 res
335 433 556 475 utebantur
592 439 634 475 et
668 441 1008 477 commentatores
1041 437 1341 480 Demosthenis.
1427 439 1473 479 ln
1508 441 1620 481 nullo
1659 441 1768 480 enim
1795 440 1913 480 huius
1952 443 2125 482 oratoris
2155 445 2375 496 exemplari
2413 446 2485 486 illo
2513 449 2701 499 tempore

233 499 345 541 edito
374 501 579 554 vulgatum
608 501 953 555 Olynthiacarum
970 504 1153 545 ordinem
1182 505 1371 546 relictum
1398 507 1614 549 inveneris.
1672 507 1727 547 Et
1756 508 1797 547 in
1827 507 1940 548 ltalia
1968 509 2131 562 quidem
2156 511 2268 564 ipsa,
2298 526 2417 564 quam
2446 517 2598 553 terram
2622 513 2699 553 ho-

233 568 346 608 noris
371 582 512 609 caussa
540 571 711 620 primam
739 571 920 622 appello,
966 572 1136 620 Aldum,
1181 573 1430 625 Manutium,
1482 574 1731 613 Felicianum
1755 574 2036 629 Grifolumque
2061 577 2249 618 Latinum
2277 579 2541 633 interpretem
2571 592 2700 633 usque

232 636 285 676 ad
312 637 542 677 recentiora
571 641 755 690 tempora
780 638 965 689 plerique
993 652 1134 679 omnes
1165 643 1295 680 secuti
1323 647 1428 681 sunt.
1516 642 1604 681 Nec
1633 644 1742 681 enim
1779 644 1835 681 ita
1863 644 1933 682 diu
1961 648 2025 683 est
2060 643 2117 697 (ι.
2148 645 2455 695 Mucccvli),
2514 659 2604 686 cum
2632 649 2698 699 qui

231 701 333 744 Itale
358 704 480 743 vertit
506 703 933 746 Demosthenem1non
962 720 1088 759 prave
1113 708 1321 749 Melchior
1358 708 1561 748 Gessrotti
1589 707 1803 750 Patavinns
1839 710 2057 750 secundam
2093 712 2318 752 orationem
2346 714 2478 765 primo
2506 713 2598 753 loco
2625 727 2697 766 po-

232 771 313 812 suit
344 768 507 825 (Flam,
537 772 629 814 Vol.
659 773 677 812 1
706 786 745 824 p.
771 770 892 826 815).
967 774 1080 814 ldem
1110 776 1201 815 fere
1229 777 1337 827 quod
1362 777 1403 815 in
1433 775 1546 815 ltalia
1575 777 1708 816 evenit
1736 778 1777 816 in
1805 778 1935 830 patria
1963 781 2114 818 nostra.
2199 780 2299 818 Cum
2332 781 2437 819 enim
2466 785 2562 833 post
2590 781 2697 820 Her-

228 840 387 894 vagiam
416 840 635 881 editionem
660 840 934 893 Hieronymus
963 841 1148 893 Wolfius,
1175 843 1412 885 Joachimus
1440 843 1710 894 Camerarius,
1737 845 1802 886 Jo.
1831 844 2044 896 sturmius,
2074 847 2178 887 Phil.
2206 848 2420 889 Melantho
2445 848 2591 901 aliique
2620 849 2696 889 La-

231 909 307 949 tini
336 910 581 962 interpretes
610 920 739 962 usque
767 908 818 949 ad
845 909 1090 963 singularem
1119 911 1232 952 illum
1255 911 1545 954 Demosthenis
1569 913 1854 965 sospitatorem
1875 914 1961 955 Jac.
1981 914 2189 956 Reiskium
2211 916 2394 969 Dionysii
2416 917 2697 958 auctoritatem

232 977 502 1029 sprevissent,
531 979 675 1018 nostro
704 976 867 1017 demum
895 980 1084 1030 tempore
1115 980 1217 1032 Aug.
1245 979 1522 1032 Rudigerum,
1550 979 1661 1023 lmm.
1691 980 1943 1032 Bekkerum,
1976 983 2045 1034 qui
2073 984 2116 1023 in
2148 984 2324 1025 omnium
2354 986 2579 1025 orationum
2610 983 2697 1024 edi-

232 1045 344 1084 tione
371 1044 578 1097 vulgatnm
605 1044 821 1085 retinuerit
849 1044 1057 1096 ordinem,
1088 1047 1312 1088 Henricum
1341 1047 1476 1088 Bremi
1503 1046 1771 1089 'hiricensem
1800 1048 2215 1105 Klinhnullerumque
2244 1051 2527 1094 Soraviensem
2554 1051 2698 1092 eximia

232 1113 320 1152 eins
349 1112 561 1154 admiratio
589 1114 768 1154 incessit.
847 1113 891 1152 ln
917 1114 1050 1154 Gallia
1083 1119 1219 1155 autem
1242 1115 1531 1165 Ghseradami,
1576 1115 1759 1169 Dionysii
1787 1115 1972 1157 Lambini
2001 1122 2044 1158 et
2071 1117 2233 1160 Vilelmi
2259 1118 2446 1169 Morelii,
2493 1119 2698 1160 Maussaci

234 1183 278 1221 et
304 1181 481 1221 Henrici-
509 1182 662 1223 Valesii
700 1182 983 1222 auctoritatem
1020 1187 1260 1237 aspernatus
1295 1184 1375 1224 iam
1411 1183 1588 1225 Jacobus
1624 1183 1905 1227 Turreliorum
1944 1185 2106 1238 gentilis
2135 1186 2178 1227 in
2207 1185 2445 1228 Francicam
2474 1199 2587 1227 suam
2614 1186 2696 1226 De-

230 1249 458 1289 mosthenis
488 1250 865 1303 interpretationem
895 1249 1205 1292 calamistratam
1234 1252 1549 1305 distinctamque
1574 1252 1754 1294 flosculis
1790 1249 1866 1308 (cf.
1896 1252 2099 1295 Massiena·
2124 1254 2292 1295 Observ.
2322 1256 2376 1295 de
2412 1268 2481 1304 ea,
2538 1268 2579 1307 p.
2609 1254 2697 1294 41⁰

227 1313 309 1369 sq.)
340 1315 631 1369 Dionysianum
665 1318 848 1359 ordinem
885 1317 1035 1358 invexit
1072 1324 1114 1360 et
1141 1320 1338 1360 simulatis
1373 1319 1621 1370 argumentis
1659 1320 1885 1361 defendere
1922 1325 2090 1361 conatus
2123 1326 2198 1362 est.
2284 1322 2415 1373 Quem
2442 1322 2572 1362 secuti
2602 1324 2696 1360 sunt

226 1382 473 1425 Athanasius
503 1385 664 1439 Anger,
724 1386 778 1426 ob
809 1389 1016 1442 egregium
1052 1387 1123 1428 ille
1153 1386 1439 1427 Demosthenis
1469 1386 1644 1427 studium
1673 1388 1990 1440 praedicandus,
2048 1388 2101 1430 ob
2130 1388 2249 1430 huius
2275 1389 2399 1430 studii
2426 1390 2583 1429 fructus
2613 1400 2695 1428 non

227 1452 327 1492 item
354 1452 430 1505 (cf.
459 1452 656 1508 Har-pam
685 1452 825 1505 Lyceo
857 1455 926 1505 lV,
957 1470 997 1509 p.
1029 1455 1114 1496 129
1136 1452 1243 1509 sq.),
1271 1456 1313 1494 et
1343 1453 1411 1506 qui
1441 1465 1535 1494 eum
1563 1452 1747 1495 vertendi
1777 1458 1865 1496 arte
1893 1454 2016 1509 longe
2044 1455 2277 1498 antecelluit
2303 1456 2350 1497 G.
2381 1455 2546 1506 Ginins,
2574 1467 2693 1508 prae-

225 1523 342 1560 terea
370 1521 419 1561 Ε.
449 1521 556 1561 Gros
589 1522 631 1560 in
669 1521 772 1561 Anu.
807 1523 859 1562 ad
887 1523 1051 1575 Dionys.
1085 1522 1134 1572 ll,
1171 1535 1212 1575 p.
1246 1520 1300 1560 16
1330 1524 1373 1560 et
1401 1521 1489 1569 alii3
1547 1533 1772 1574 quanquam
1802 1521 1941 1576 Anger
1967 1524 2011 1564 in
2039 1524 2167 1578 ipsius
2199 1524 2482 1565 Demosthenis
2513 1523 2694 1564 editione

227 1588 449 1629 lautissima
486 1601 536 1629 ac
572 1589 896 1641 splendidissima
931 1591 1121 1630 tralatieii
1158 1590 1311 1629 ordinis
1347 1590 1585 1629 memoriam
1610 1579 1813 1643 repetivit.
1898 1591 2079 1631 Britanni
2109 1592 2304 1643 denique,
2359 1595 2454 1644 post
2483 1589 2694 1630 Nicolaum

227 1656 399 1697 Carrum
425 1657 635 1697 Francisio
666 1657 797 1709 Anglo
826 1658 1053 1711 interprete
1082 1657 1319 1698 doctissimo
1349 1656 1611 1707 adversante,
1644 1657 1877 1710 Dionysium
1905 1659 2049 1698 sectati
2075 1663 2168 1699 sunt
2194 1659 2392 1700 Ricardus
2419 1657 2693 1704 Monteneius,

226 1722 468 1764 Dublininus
495 1725 650 1774 editor,
689 1725 870 1765 Thomas
896 1725 1112 1767 Lelandus.

433 1792 517 1832 Sed
542 1793 585 1831 hi
616 1797 749 1833 tamen
778 1798 942 1847 praeter
968 1805 1121 1847 paucos
1149 1792 1308 1844 pedarii
1331 1796 1487 1833 tantum
1512 1796 1619 1833 sunt.
1701 1792 1821 1844 Quod
1857 1792 1965 1833 enim
1994 1792 2198 1833 Lelandus
2229 1796 2272 1833 et
2299 1793 2438 1846 Anger
2472 1791 2691 1832 enarratio-

224 1871 300 1901 nes
330 1861 557 1901 orationum
585 1872 679 1901 suas
708 1861 759 1902 ad
790 1861 895 1903 hanc
924 1861 1209 1914 Dionysiauam
1237 1871 1443 1911 normam,
1500 1859 1608 1901 fictis
1637 1871 1740 1913 quse
1768 1872 1860 1901 cum
1888 1861 2084 1902 memoria
2109 1873 2191 1901 non
2222 1860 2476 1902 reserrentur
2503 1858 2693 1912 fingenda

225 1928 485 1978 viderentur,
540 1933 785 1981 exegerunt,
850 1941 993 1968 eorum
1032 1932 1074 1968 et
1106 1929 1327 1981 praecipue
1360 1927 1467 1967 Galli
1495 1927 1615 1966 huius
1645 1926 1804 1966 fabulas
1834 1925 2015 1979 quamvis
2045 1926 2226 1967 veritatis
2255 1926 2396 1980 specie
2416 1926 2620 1966 involutas
2649 1928 2691 1970 et

225 1995 351 2037 lectu.
366 1995 486 2035 valde
512 1995 708 2034 iucundas
736 2000 820 2035 tam
849 2008 943 2036 esse
971 2000 1109 2036 tamen
1137 2008 1262 2049 saepe
1288 1994 1373 2034 tide
1397 1994 1542 2046 dignas
1578 2006 1696 2046 quam
1724 1993 1907 2034 Milesias
1940 1994 2031 2034 illas
2061 1997 2104 2033 et
2131 2006 2229 2046 quas
2257 2005 2332 2034 nos
2358 1994 2560 2034 Romanas
2589 1992 2690 2033 dici·

226 2076 340 2113 mus,
396 2064 484 2116 quis
513 2067 576 2103 est
603 2064 671 2116 qui
696 2076 779 2102 non
803 2064 982 2103 lectione
1010 2065 1207 2113 senserit,
1253 2065 1318 2104 cui
1346 2075 1428 2103 non
1455 2062 1578 2102 Fred.
1608 2062 1759 2101 Jacobs
1785 2059 1968 2116 (Transi.
1996 2062 2112 2102 Dem.
2142 2075 2183 2114 p.
2211 2059 2317 2116 83⁰)
2352 2063 2543 2102 iudicium
2573 2073 2689 2101 suum

226 2131 290 2171 vel
319 2131 368 2172 A.
399 2131 450 2171 G.
469 2132 627 2172 Becker
656 2128 734 2186 (XI
762 2130 866 2173 Phil.
894 2131 1032 2172 Germ.
1063 2132 1093 2181 l,
1124 2145 1163 2185 p.
1187 2129 1262 2185 19)
1290 2125 1505 2184 probarit?
1562 2130 1641 2180 Qui
1668 2132 1803 2169 autem
1829 2142 1910 2170 non
1939 2129 2113 2183 pedibus
2141 2129 2265 2170 modo
2296 2130 2373 2171 sed
2400 2142 2503 2171 voce
2529 2131 2570 2169 in
2592 2130 2686 2169 Dio-

225 2200 332 2251 nysii
365 2203 505 2252 partes
534 2201 777 2239 sententiam
812 2194 973 2249 tulerit,
1025 2200 1181 2252 primus
1209 2200 1369 2239 videtur
1403 2199 1533 2238 fuisse
1574 2198 1757 2237 Andreas
1786 2197 1980 2238 Sehottns
2016 2196 2118 2252 (Vit.
2146 2197 2289 2251 Comp.
2316 2198 2438 2238 Arist.
2467 2199 2529 2238 Ac
2558 2198 2687 2249 Dem.‚

224 2268 329 2320 Aug.
358 2266 479 2309 Vind.
509 2266 728 2322 Mucm);
789 2268 855 2307 cui
883 2268 1108 2307 obsecutus
1139 2270 1206 2307 est
1244 2267 1335 2307 Alb.
1365 2266 1574 2305 Fabricius
1604 2266 1649 2307 Β.
1680 2265 1732 2304 G.
1761 2265 1850 2305 Lib.
1881 2265 1930 2315 ΙΙ,
1967 2279 2008 2318 p.
2032 2265 2120 2305 867
2149 2264 2232 2319 (ex.
2261 2264 2358 2318 pn).
2444 2257 2687 2308 Adversaris

225 2339 367 2377 contra
395 2348 537 2377 mussa
564 2337 738 2389 primum
766 2340 886 2376 nacta
913 2339 1125 2389 patronum
1150 2337 1217 2375 est
1244 2333 1502 2375 vincentium
1529 2332 1775 2374 Lucchesini
1803 2332 2022 2374 Patricium
2047 2333 2297 2383 Lucensem,
2348 2335 2687 2378 Annotationibus

225 2405 339 2447 illum
367 2405 432 2446 Ad
460 2403 822 2445 Dem.1:1istoricis
850 2405 1070 2453 famosum3
1128 2403 1197 2456 qui
1232 2404 1294 2443 vir
1331 2403 1500 2443 eximius
1538 2414 1630 2442 cum
1669 2402 1722 2443 de
1758 2400 2017 2443 Philochori
2025 2402 2259 2443 testimonio
2296 2404 2392 2455 quid
2429 2405 2713 2452 statuendum,

226 2478 349 2516 esset
364 2474 611 2526 ambigeret.
663 2472 786 2513 modo
814 2475 922 2513 enim
949 2473 1011 2527 (p.
1041 2469 1149 2526 8⁰⁰)
1174 2482 1222 2513 se
1248 2471 1398 2512 morari
1425 2470 1467 2509 id
1496 2474 1640 2523 negat,
1687 2471 1812 2512 modo
1838 2470 1900 2525 (p.
1928 2469 2028 2520 ⁸15,
2054 2469 2161 2525 ao)
2191 2475 2372 2512 moratur
2399 2485 2532 2527 eoque
2560 2476 2686 2515 utitur

224 2544 329 2586 adeo
356 2543 409 2583 ad
438 2555 554 2583 suam
580 2543 971 2595 argumentationem
992 2541 1262 2595 probandam:
1315 2545 1359 2581 et
1390 2552 1480 2580 eum
1510 2539 1564 2579 de
1593 2552 1664 2591 eo,
1691 2553 1788 2581 num
1814 2541 1927 2582 brevi
1955 2540 2168 2580 intervallo
2192 2541 2376 2593 singulae
2401 2544 2605 2584 orationes
2633 2555 2684 2583 ιιι

223 2617 318 2667 post
345 2611 495 2653 auxilia
517 2611 642 2651 missa
668 2610 797 2650 altera
826 2614 869 2651 et
895 2610 1020 2650 tertia
1046 2609 1210 2650 habitae
1239 2612 1400 2659 essent,
1439 2608 1540 2648 nihil
1566 2609 1643 2649 sibi
1672 2609 1775 2650 certi
1802 2608 2052 2663 persuadere
2077 2612 2220 2662 posset
2248 2606 2309 2663 (p.
2334 2609 2421 2650 815
2447 2623 2533 2664 sq.,
2561 2611 2682 2667 88⁰),

223 2682 355 2734 ipsum
384 2680 599 2722 confusum
629 2692 724 2720 eum
753 2679 887 2719 omnia
916 2678 1167 2719 confundere
1197 2691 1270 2731 par
1298 2681 1398 2719 erat.
1483 2677 1701 2718 Praeterea
1736 2689 1827 2717 cum
1863 2689 1915 2717 eo
1953 2676 2061 2728 quod
2077 2674 2251 2729 Olymp-
2280 2677 2410 2726 cvii,
2469 2680 2499 2719 4
2526 2678 2682 2721 certum

224 2752 336 2792 esset
365 2749 569 2790 orationes
596 2759 666 2788 eas
692 2759 787 2787 esse
815 2746 974 2787 habitas
999 2758 1133 2798 paene
1159 2746 1497 2797 acquiescendum
1524 2745 1717 2795 duceret,
1766 2742 1829 2799 (p.
1857 2744 1955 2784 m.
1980 2745 2083 2797 sq.),
2137 2748 2182 2784 et
2210 2745 2278 2796 qui
2306 2746 2550 2799 singularum
2579 2749 2681 2790 ordo

221 2819 369 2861 fuisset
392 2827 589 2870 quaerere
617 2814 832 2857 leviculum
859 2825 909 2856 ac
930 2814 1171 2857 minutulum
1201 2814 1263 2868 (p.
1291 2812 1396 2869 290)
1424 2816 1609 2868 pataret,
1653 2812 1912 2863 adversariis,
1959 2813 2027 2866 qui
2056 2812 2139 2854 hoc
2165 2824 2363 2865 oppresso
2389 2818 2520 2858 totam
2549 2824 2681 2859 semet

224 2898 407 2930 caussam
436 2885 581 2925 vicisse
605 2887 648 2924 et
673 2884 905 2936 superiores
930 2883 1146 2924 discedere
1175 2883 1454 2937 opinarentur,
1489 2883 1582 2937 ipse
1609 2883 1763 2924 animos
1788 2881 1941 2923 addidit
1967 2881 2152 2933 adeoque
2180 2893 2290 2922 arma
2319 2884 2427 2924 acnIt
2454 2886 2497 2924 et
2526 2884 2567 2925 in
2595 2898 2678 2927 ma-

221 2972 297 3000 nus
320 2955 501 2998 tradidit.
558 2952 648 2993 Nec
676 2952 784 2992 enim
811 2952 981 2993 defuere
1008 2952 1240 2993 adversarii.
1299 2950 1361 2990 Ex
1390 2951 1534 3003 quibus
1563 2954 1609 2991 ut
1637 2951 1702 2992 Jo.
1731 2950 1886 3004 Taylor
1916 2949 2097 3002 (Proleg.
2127 2963 2191 3004 ap.
2218 2949 2320 2991 Im.
2351 2952 2400 2991 0.
2432 2951 2482 2990 G.
2511 2951 2607 3004 Xll,
2635 2967 2676 3008 p.

223 3028 324 3078 119)
349 3031 392 3067 et
419 3025 458 3065 J.
489 3023 634 3063 Giliies
664 3019 758 3074 (Gr.
784 3020 889 3060 Hist.
920 3021 989 3071 IV,
1034 3036 1074 3074 p.
1098 3021 1198 3070 81⁰,
1228 3020 1315 3059 862
1345 3034 1403 3072 sq.
1431 3034 1493 3061 ex.
1523 3018 1666 3073 Basil.)
1696 3021 1951 3060 omittantur:
2012 3031 2105 3058 nam
2136 3020 2186 3059 ad
2217 3021 2495 3060 recentissima
2522 3023 2677 3063 animus

220 3097 435 3149 properate
491 3091 554 3132 vir
578 3088 836 3144 gravissimus
872 3090 1128 3142 omniumque
1163 3088 1454 3143 elegantiarum
1483 3087 1732 3131 existimator
1761 3090 1807 3129 et
1831 3087 1979 3130 vindex
2006 3088 2323 3130 acerrimusFr.
2351 3088 2522 3140 Jacobs,
2549 3104 2564 3124 ὁ»
2579 3090 2679 3133 licet

218 3165 398 3207 veritatis
425 3160 622 3217 quandam
651 3157 832 3212 speciem
860 3156 1063 3199 vincentii
1092 3157 1245 3199 Lucch.
1280 3157 1525 3211 argumentis
1551 3156 1751 3199 debilibus
1780 3155 1862 3197 illis
1888 3157 2137 3199 concesserit
2168 3161 2210 3198 et
2240 3154 2300 3213 (p.
2330 3156 2490 3211 295)·>a
2512 3159 2676 3213 >vulgata
