2911 3749
420 342 483 382 Ex
510 338 749 381 Philochori
780 341 824 380 et
851 335 1138 380 Demosthenis
1163 336 1291 391 ipsius
1317 338 1563 381 testimoniis
1590 338 1686 395 quid
1715 336 1907 381 effectum
1935 338 1989 381 sit
2017 341 2189 382 constat.
2246 338 2308 383 De
2335 340 2432 396 lege
2461 334 2569 382 enim
2598 342 2678 384 Eu-

211 412 323 454 -bnlis
349 411 592 467 antiquands
618 422 710 450 cum
741 412 881 450 orator
909 407 1064 461 pstrise
1091 406 1386 449 amentissimus
1410 410 1564 464 populo
1593 410 1672 451 hac
1701 410 1884 451 oratione
1911 409 2089 451 nondum
2117 412 2365 465 persuaserit
2389 407 2487 466 ⁴⁴),
2527 413 2682 452 exerci-

213 483 281 520 tus
307 482 445 520 tamen
473 480 620 520 missus
648 481 714 518 est
746 476 819 532 ⁴⁵)
848 489 896 518 ex
925 475 1081 516 civibus
1109 476 1378 530 conscriptus,
1410 479 1479 532 qui
1508 479 1720 532 quominus
1749 479 1896 519 virtute
1926 478 2138 531 quiequam
2168 479 2348 521 Charete
2377 478 2483 520 duce
2510 478 2681 532 perlice-

215 551 294 599 ret,
323 560 400 601 per
425 547 720 600 Euthycraten:
750 549 794 587 et
820 544 1080 594 Lasthenen,
1107 544 1216 585 cives
1241 545 1484 599 Olynthios,
1512 548 1667 601 patriae
1694 547 1938 602 proditores,
1962 545 2267 601 prohibebatur.
2326 547 2391 591 cf.
2419 546 2544 589 Diod.
2572 545 2681 598 xvi,

208 615 287 670 58,
313 617 433 659 Dem.
463 615 526 658 De
551 615 649 656 Cor.
679 614 719 668 §.
748 614 820 664 48,
851 613 913 654 De
932 612 1077 653 Chers.
1107 611 1148 666 §.
1175 614 1248 665 4⁰,
1274 613 1378 655 Phil.
1409 614 1534 670 111‚§.
1561 614 1634 668 66,
1664 616 1726 658 De
1754 616 1801 657 F.
1818 615 1866 657 L.
1893 615 1933 670 §.
1962 615 2049 657 265
2074 627 2183 670 sqq.:

487 692 639 739 μυρίοις
673 688 713 726 δὲ
740 687 860 733 ξένοις
893 687 958 724 καὶ
981 686 1151 734 τριήρεσι
1177 688 1414 736 πεντήκοντα
1436 689 1544 737 ὑμῶν
1569 691 1867 740 βοηθησάντων,
1903 691 1967 729 καὶ
1992 689 2046 729 ἔτι
2071 692 2147 729 τῶν
2172 691 2335 728 πολιτῶν
2365 683 2679 737 ἕτετραιιιςχιλίοις,

624 754 736 795 οὐδὲν
762 751 902 798 αὖτόὑς
926 754 1076 793 τούτων
1099 754 1281 805 ἠδυνήθη
1306 760 1433 797 σῶσαι.

1372 912 1518 969 VH.

416 1013 535 1065 Quod
564 1015 771 1067 postremo
800 1010 1088 1052 Demosthenis
1116 1024 1165 1052 ex
1193 1012 1263 1053 Or.
1294 1013 1355 1054 De
1380 1014 1428 1054 F.
1458 1014 1507 1056 L.
1534 1015 1587 1055 de
1616 1015 1727 1056 exitu
1754 1014 1855 1056 belli
1882 1013 2158 1055 testimonium
2186 1013 2449 1068 protulimus,
2492 1025 2542 1054 eo
2576 1013 2681 1054 hsec

210 1088 254 1125 et
282 1084 514 1125 confirmari
539 1083 643 1121 ratio
671 1086 736 1131 et,
774 1082 963 1133 quonism
990 1080 1289 1122 dissimulanter
1318 1085 1529 1136 quicquam
1553 1096 1678 1137 sgere
1705 1084 1914 1134 nolumus,
1953 1083 2146 1124 inlirmsri
2169 1083 2341 1123 videtur.
2400 1082 2684 1131 Conflrmstur,

212 1154 327 1206 quis,
380 1152 488 1204 quod
523 1155 609 1190 tum
645 1163 695 1190 ex
730 1149 968 1189 Philochori
998 1150 1126 1201 ipsius
1156 1152 1292 1190 verbis
1322 1149 1429 1206 (περὶ
1451 1160 1519 1196 τὸν
1542 1156 1663 1196 αὐτὸν
1692 1150 1872 1207 χρόνον),
1919 1156 2005 1192 tum
2039 1164 2090 1192 ex
2118 1150 2406 1196 Demostheni.
2434 1150 2602 1191 coneilio
2631 1150 2685 1189 de

210 1222 319 1262 binis
356 1220 566 1262 mittendis
613 1219 740 1272 copiis
779 1217 1094 1267 declaravimus,
1143 1218 1331 1259 Charetis
1375 1221 1556 1274 priorem
1599 1226 1641 1262 et
1677 1221 1912 1262 Charidemi
1950 1219 2251 1274 expeditionem
2288 1231 2370 1259 uno
2416 1230 2546 1272 prope
2592 1230 2685 1258 esse

213 1289 442 1340 eodemque
479 1293 668 1340 tempore
704 1290 959 1338 susceptam,
1000 1299 1052 1326 eo
1083 1287 1192 1328 dicto
1224 1302 1316 1328 cum
1344 1290 1516 1329 maxime
1545 1291 1593 1329 fit
1623 1293 1897 1343 perspicuum.
1957 1289 2058 1329 Cum
2088 1289 2197 1327 enim
2221 1300 2342 1327 unam
2367 1288 2554 1335 omnino,
2602 1299 2683 1327 nou

212 1357 312 1397 duas
337 1356 389 1396 sd
419 1356 689 1396 auxiliandum
719 1354 922 1406 Olynthiis
950 1355 1231 1406 expeditiones
1258 1356 1388 1397 factas
1418 1370 1512 1397 esse
1539 1358 1723 1397 nonnulli
1752 1358 1929 1411 probare
1950 1355 2047 1396 inde
2071 1355 2286 1404 voluerint,
2313 1367 2386 1395 eos
2417 1362 2482 1397 nai
2507 1360 2562 1397 ἔτι
2595 1366 2687 1406 par-

211 1425 347 1466 ticulis
375 1423 546 1465 refutari
572 1423 663 1476 ipse
696 1422 1048 1462 Rauchenstenins
1074 1437 1114 1475 p.
1146 1422 1242 1463 XX!
1273 1423 1489 1465 concessit.
1548 1423 1611 1465 Ac
1638 1423 1851 1477 profecto,
1889 1424 1924 1464 si
1952 1421 2062 1464 istud
2091 1424 2223 1472 esset,
2256 1422 2366 1464 cives
2393 1422 2530 1473 initio,
2568 1422 2688 1463 trire-

211 1507 300 1535 mes
328 1507 425 1535 vero
460 1491 570 1534 nullo
601 1494 721 1544 pacto
756 1490 907 1532 medias
946 1490 1054 1531 inter
1082 1492 1358 1533 mercenarios
1389 1496 1431 1534 et
1461 1492 1592 1542 cives,
1643 1493 1717 1535 sed
1744 1492 1810 1535 vel
1837 1492 1969 1546 primo
1999 1489 2065 1532 vel
2092 1493 2328 1545 postremo,
2371 1490 2549 1544 denique
2577 1493 2685 1544 ὐμῶν

214 1567 491 1616 βοηθησάντων
518 1560 645 1600 verbs
673 1560 739 1600 vel
767 1562 864 1599 ante
894 1560 1241 1602 enumerationem
1270 1560 1335 1601 vel
1359 1564 1455 1614 post
1481 1573 1570 1601 eam
1602 1564 1753 1611 orstor,
1778 1572 1861 1601 uon
1889 1558 2024 1600 medis
2051 1559 2258 1612 posuisset
2283 1559 2393 1601 haud
2408 1549 2540 1599 'clunic
2573 1558 2657 1609 ⁴⁶).

421 1628 506 1669 Sed
533 1627 752 1669 difficultas
782 1627 1054 1680 proficiscitur
1082 1627 1179 1667 inde
1212 1628 1321 1680 quod
1353 1629 1420 1669 vel
1449 1629 1500 1669 iis
1531 1629 1667 1670 verbis
1696 1628 1970 1677 Philochoris,
2002 1625 2369 1670 velvPhilochoriis
2395 1625 2687 1667 Demosthenis

214 1696 429 1751 reprobari
452 1699 595 1750 aperte
623 1695 834 1735 videantur
862 1693 1001 1744 (Vino.
1023 1692 1222 1734 Lucches.
1251 1708 1293 1748 p.
1321 1694 1442 1748 300).
1492 1696 1653 1750 Quippe
1679 1695 1977 1737 Demosthenes
2006 1694 2149 1733 decem
2177 1693 2303 1732 millis
2331 1687 2685 1743 mercenariorum,

215 1765 502 1817 quinquaginta
532 1765 719 1804 triremes
749 1766 793 1802 et
822 1764 1012 1813 quattuor
1040 1760 1167 1800 millia
1195 1763 1340 1801 civium
1371 1763 1491 1812 dixit;
1520 1763 1791 1805 Philochorus
1821 1767 1956 1803 sutem
1983 1761 2248 1802 vehementer
2274 1762 2324 1801 sb
2350 1761 2420 1801 illo
2447 1761 2686 1814 discrepans

213 1845 287 1874 sex
303 1832 440 1872 millis
468 1830 554 1884 pelt
556 1833 745 1879 astarum,
778 1829 984 1879 sexaginta
1014 1828 1190 1877 quinque
1219 1826 1421 1877 triremes,
1447 1829 1509 1869 bis
1535 1829 1649 1870 mille
1674 1830 1797 1881 cives,
1824 1833 2039 1883 praeterea
2067 1827 2381 1882 quadringentos
2402 1827 2689 1881 quinqusgints

215 1898 375 1953 equites
407 1898 752 1963 hippsginumque
780 1896 982 1937 incertum
1009 1906 1232 1935 numerum.

419 1967 509 2010 An
516 1958 889 2020 Bsfflienstenium
918 1977 960 2015 p.
990 1961 1108 2010 XlX,
1160 1964 1226 2003 cui
1250 1963 1584 2006 Westermsnnus
1620 1977 1661 2016 p.
1691 1963 1749 2005 12
1776 1963 2040 2016 subscripsit,
2086 1961 2319 2012 laudemus,
2366 1962 2434 2014 qui
2461 1946 2704 2015 ιιιιιιιιιιιιιιιι
2761 1987 2763 1990 <

217 2034 311 2077 fore
340 2034 506 2086 negst,
508 2030 618 2083 ,quin
646 2028 794 2071 sentiat
828 2032 1020 2081 quantum
1051 2028 1282 2070 interfuerit
1310 2029 1620 2079 Demosthenis,
1663 2041 1745 2072 non
1781 2033 1828 2071 ut
1862 2029 2099 2071 auxiliorum
2138 2039 2351 2069 numerum
2378 2020 2575 2069 accisas-ais
2598 2029 2688 2070 sin-

220 2102 315 2157 gula
343 2097 628 2156 persequendo
657 2096 935 2146 imminueret,
971 2107 1110 2137 verum
1140 2094 1316 2137 eundem
1349 2099 1413 2148 ut,
1444 2099 1640 2149 quatenus
1667 2109 1743 2151 per
1766 2097 1971 2139 licentiam
2001 2096 2218 2138 oratoriam
2245 2095 2337 2138 fleri
2363 2098 2528 2150 posset,
2559 2095 2683 2137 etism

217 2173 388 2225 sugeret
413 2172 536 2220 atque
564 2165 855 2219 amplificaret‘
857 2193 868 2205 .
926 2165 980 2206 At
1016 2164 1211 2217 primum,
1255 2165 1324 2216 qui
1351 2164 1394 2205 in
1420 2177 1591 2206 numero
1620 2165 1794 2218 quodam
1822 2164 2043 2207 referendo
2069 2167 2259 2205 accurate
2288 2162 2446 2216 singula
2473 2165 2686 2217 persequi-

217 2242 306 2288 tur,
339 2248 422 2278 non
450 2236 650 2276 imminuit
679 2233 867 2274 eundem.
926 2231 1105 2280 Deinde,
1143 2233 1178 2272 si
1207 2244 1358 2285 sugere
1385 2245 1473 2273 rem
1503 2237 1627 2286 atque
1654 2234 1903 2287 amplificare
1931 2244 2006 2285 pro
2036 2232 2169 2272 lubitu
2197 2231 2350 2273 oratori
2374 2231 2576 2281 licuisset,
2615 2244 2686 2272 cur

218 2305 443 2347 triremium
473 2303 543 2344 ille
569 2313 781 2342 numerum
811 2300 1060 2341 Philochoro
1090 2300 1217 2341 multo
1246 2301 1444 2341 minorem
1472 2301 1741 2342 ostenderet?
1800 2300 1921 2352 Quid,
1950 2301 1986 2340 si
2012 2300 2156 2340 civium
2184 2311 2395 2341 numerum
2423 2299 2527 2340 adeo
2556 2299 2688 2352 dupli-

218 2379 354 2416 catum
381 2374 533 2414 iactare
561 2371 889 2425 permitteretur,
925 2380 1060 2409 nonne
1087 2369 1196 2408 idem
1225 2369 1269 2408 in
1298 2370 1521 2409 triremium
1550 2370 1696 2410 liceret
1721 2381 1893 2409 numero
1924 2368 2030 2419 ⁴⁷)·3
2087 2368 2284 2421 Denique,
2313 2369 2349 2408 si
2378 2367 2517 2421 copias
2545 2367 2689 2412 missas

218 2441 518 2483 Demosthenes
547 2438 810 2492 amplificaret
838 2437 967 2477 multo
997 2436 1121 2477 credo
1145 2438 1274 2489 magis
1304 2450 1423 2490 quam
1454 2438 1488 2477 si
1518 2437 1797 2488 imminueret,
1834 2436 1943 2490 quod
1973 2436 2281 2477 Atheniensium
2309 2436 2352 2476 in
2380 2435 2460 2476 hoe
2489 2435 2598 2476 bello
2627 2435 2686 2476 ls—

216 2511 351 2554 bores,
371 2507 571 2549 efferendi
595 2506 773 2546 habebat
799 2506 1012 2547 consilinm
1041 2506 1129 2558 ipse
1155 2506 1420 2558 pervertisset
1448 2518 1496 2545 ac
1522 2505 1781 2559 perdidisset.
1839 2506 1897 2546 Ut
1933 2505 2042 2545 enim
2073 2503 2392 2557 Aristophanes,
2441 2516 2546 2544 cum·
2560 2503 2686 2543 Athe-

214 2578 418 2620 niensium
446 2575 694 2629 reipublicae
721 2575 875 2615 reditus
906 2575 998 2615 fere
1029 2574 1204 2617 Gloclc
1229 2574 1297 2619 tsi.
1329 2575 1561 2615 aestimaret
1590 2571 1736 2629 (Vesp.
1764 2573 1873 2627 657)
1902 2578 1954 2615 et¹
1970 2573 2201 2615 tributarias
2230 2574 2354 2615 urbes
2382 2572 2471 2615 010
2496 2571 2687 2625 perhibe-

216 2651 282 2687 ret
308 2644 366 2700 (V
368 2659 454 2699 esp.
481 2642 603 2699 795),
634 2645 668 2683 si
695 2645 813 2684 nimis
838 2658 863 2684 s
890 2657 990 2684 vero
1021 2645 1266 2693 discederet,
1295 2656 1457 2684 omnem
1486 2644 1597 2683 dicto
1623 2644 1703 2683 vim
1731 2643 1952 2685 ademisset
1980 2649 2024 2684 et
2051 2655 2236 2692 acumen,
2261 2644 2320 2683 its
2349 2643 2420 2682 hic
2448 2653 2620 2692 quoque,
2647 2642 2683 2681 si

219 2715 405 2756 similiter
430 2715 473 2753 in
500 2714 570 2753 illa
597 2726 645 2754 re
671 2713 890 2755 referends
914 2714 1088 2766 egisset,
1138 2713 1292 2753 animos
1316 2712 1546 2753 auditorum
1575 2725 1677 2764 quse
1704 2726 1773 2753 rss
1803 2718 1913 2754 esset
1940 2727 2024 2754 non
2050 2712 2321 2766 ignorantium
2348 2722 2430 2749 non
2458 2708 2576 2749 aliter
2605 2709 2682 2748 nisi

218 2785 279 2834 ut,
308 2781 418 2835 quod
445 2784 528 2822 tsm
555 2782 814 2837 impudenter
842 2781 1007 2823 mentiri
1033 2780 1225 2831 auderet,
1254 2780 1497 2822 mirarentur
1524 2779 1740 2823 affecisset.
1799 2781 2057 2838 Quapropter
2090 2791 2312 2835 qusuqusm
2345 2781 2390 2819 ut
2425 2777 2491 2818 vel
2527 2776 2681 2818 Aristo-

357 2942 422 2987 ⁴⁴)
444 2941 599 2987 olymp.
625 2942 664 2976 id
688 2942 836 2978 demum
861 2943 925 2978 CX
950 2944 1093 2979 factum
1117 2954 1202 2979 esse
1224 2942 1392 2986 videtur,
1429 2955 1501 2988 quo
1525 2946 1692 2989 tempore
1715 2944 1983 2988 Athenienses,
2016 2942 2184 2988 quamvis
2207 2939 2401 2980 infelices,
2434 2935 2679 2972 admiratione

217 3011 367 3036 rursum
392 3010 433 3034 se
458 2999 594 3045 dig-nos
618 3000 851 3044 praestitere.

355 3058 419 3103 ⁴⁵)
445 3061 531 3092 ante
555 3057 708 3092 initium
736 3058 885 3104 olymp.
911 3059 1041 3103 CVIII,
1068 3063 1108 3102 13
1135 3062 1236 3094 certe
1260 3061 1346 3094 ante
1369 3058 1507 3093 etesias
1532 3059 1614 3094 eius
1639 3060 1726 3095 anni
1751 3059 1913 3096 advenit.

354 3115 419 3159 ⁴⁶)
443 3115 599 3150 Accedit
620 3116 797 3151 fortassis
822 3111 934 3150 οὐδὲν
956 3112 1102 3150 τούτων
1124 3116 1327 3152 locutionis
1350 3110 1459 3152 ratio.
1507 3116 1564 3152 Cf.
1596 3118 1771 3153 Philoch:
1793 3114 1961 3161 τριήρεις
1984 3111 2051 3159 μὲν
2078 3112 2208 3159 ἑτέρας
2233 3111 2483 3149 ἑπτακαίδεκα
2505 3109 2577 3155 (Ὃ).

355 3172 419 3216 ⁴⁷)
444 3172 558 3207 Illsm
590 3185 679 3209 vero
707 3174 780 3209 has
814 3185 876 3208 res
906 3174 956 3208 ad
990 3174 1177 3209 calculum
1204 3173 1364 3209 vocandi
1397 3173 1606 3217 rationem,
1639 3185 1713 3219 qua
1736 3174 1987 3219 quadraginta
2011 3172 2263 3209 tantummodo
2288 3174 2326 3207 et
2351 3172 2435 3206 octo
2457 3177 2573 3204 naves
2596 3164 2680 3200 uni-

217 3239 326 3263 verse
349 3240 503 3264 numero
526 3230 644 3265 fuisse
669 3232 744 3267 sibi
769 3233 1049 3267 demonstrasse
1072 3231 1177 3266 visus
1201 3235 1270 3273 est,
1295 3231 1377 3275 ipse
1400 3232 1544 3267 Rauch.
1570 3232 1634 3267 vix
1658 3242 1822 3275 unquam
1846 3231 2071 3275 probaverit.
