2911 3749
0 519 125 589 U

831 327 1377 415 EPISTOLA
1467 340 1977 416 EDITORIS

449 485 525 540 c·
585 482 1182 540 FERDINANDUS
1241 482 1530 538 RANIOE
1589 485 1724 539 An.
1786 483 2220 539 zmMANNo
2279 485 2344 537 s.

179 671 356 761 Quam
384 699 610 744 tradidisti
638 698 751 744 mihi
785 699 846 743 de
883 697 1204 744 Demosthenis
1244 698 1519 744 orationibus
1548 696 1835 760 Olynthiacis
1873 697 2322 752 commentationem:
2365 711 2465 742 eam
2492 695 2625 756 equi·

180 783 287 828 dem
325 797 417 829 non
456 783 642 828 scholae
684 788 866 828 nostrae
907 782 1141 828 annalibus
1173 782 1561 841 'praemittendam
1599 783 1768 839 solum,
1821 783 1904 826 sed
1945 784 1992 826 in
2027 783 2192 844 vulgus
2229 781 2367 824 etiam
2398 779 2623 823 edendam

178 867 343 912 curavi.
412 867 740 925 Praeterquam
774 866 893 911 enim
927 867 1069 928 quod,
1097 882 1154 913 ne
1184 866 1454 912 scholastica
1490 868 1694 927 supellex
1728 873 1912 927 sumptu
1947 866 2085 911 nimio
2120 865 2447 920 exhauriretur,
2481 877 2623 924 coge-

176 951 260 993 bar
296 948 350 994 C.
393 950 548 996 Bassi
579 949 864 1011 bibliopolae
890 950 1194 997 honestissimi
1226 951 1494 997 liberalitate
1526 951 1604 1007 uti,
1639 950 1784 997 libelli
1816 950 1882 996 tui
1917 949 2164 996 editionem
2200 948 2255 994 iis
2289 963 2381 994 non
2415 946 2621 992 iniucun-

175 1032 283 1078 dam
310 1033 412 1080 fore
446 1033 711 1094 sperabam,
764 1034 843 1095 qui
879 1034 1130 1086 litterarum
1163 1050 1431 1097 graecam
1467 1035 1727 1096 cognitione
1758 1035 1994 1079 florerent:
2043 1033 2258 1093 quoniam
2293 1039 2341 1077 et
2377 1045 2624 1093 argumen-

172 1123 268 1162 tum
297 1116 476 1179 elegisti
508 1116 847 1177 disputationis,
890 1119 979 1164 hac
1014 1126 1162 1165 aetate
1192 1136 1220 1163 a
1248 1119 1486 1178 permultis
1523 1119 1745 1181 agitatum
1775 1118 2060 1174 hominibus,
2111 1132 2261 1177 neque
2294 1123 2447 1161 tamen
2480 1115 2543 1159 ita
2574 1122 2625 1158 ut

172 1200 286 1244 nihil
316 1201 426 1245 addi
458 1207 616 1261 posset
649 1208 999 1260 pertractatum3
1034 1210 1081 1247 et
1113 1217 1274 1246 munus
1304 1208 1565 1261 susceptum
1598 1202 1660 1246 ita
1695 1202 2037 1258 administrasti,
2065 1208 2118 1245 ut
2148 1200 2261 1246 mihi
2297 1199 2484 1259 quidem
2516 1198 2623 1242 iuo-

173 1297 273 1327 rum
303 1284 446 1340 adeo,
482 1284 561 1343 qui
595 1285 731 1328 aliam
761 1286 951 1344 publice
983 1299 1269 1345 proposuere
1303 1284 1593 1341 sententiam,
1632 1284 1805 1329 animus
1843 1284 1927 1328 tibi
1958 1283 2190 1328 conciliari
2225 1297 2363 1342 posse
2401 1281 2621 1326 videatur.

171 1366 389 1413 Adimere
423 1374 573 1413 autem
604 1367 717 1412 mihi
746 1382 928 1414 omnem
956 1352 1071 1414 illud
1105 1368 1241 1413 facile
1267 1374 1452 1427 poterat
1480 1368 1832 1425 dubitationem,
1889 1367 2018 1427 quod
2050 1367 2172 1412 hanc
2209 1381 2300 1428 ego
2335 1365 2622 1410 occasionem

172 1456 328 1494 nactus
369 1450 599 1495 desiderio
637 1466 742 1496 meo
786 1452 1047 1497 satisfacere
1083 1458 1223 1510 tequ‘e
1265 1466 1402 1509 quem
1442 1452 1529 1496 scis
1574 1465 1666 1511 quo
1700 1466 1857 1496 amore
1898 1451 2174 1510 amplectar,
2222 1449 2410 1509 publice
2449 1447 2623 1506 alloqui

169 1547 368 1594 possem
437 1534 533 1578 lam
562 1533 703 1595 igitur
738 1534 875 1579 liceat
909 1532 1042 1591 mihi,
1096 1534 1231 1578 animi
1269 1534 1488 1579 voluntati
1527 1535 1720 1595 obsequi
1761 1534 1938 1595 tibique
1979 1533 2215 1578 doctrinae
2258 1538 2305 1577 et
2354 1530 2620 1577 eruditionis

172 1618 405 1675 specimen
433 1618 633 1676 primum
662 1617 917 1679 divulganti
946 1632 1021 1662 me
1051 1618 1302 1680 adiungere
1332 1617 1557 1662 comitem.
1625 1617 1885 1677 Disputabo
1915 1622 2065 1663 autem
2094 1616 2154 1661 de
2190 1630 2349 1661 caussa
2383 1615 2442 1660 ab
2480 1628 2621 1676 argu-

170 1705 324 1745 mento
353 1705 433 1744 tuo
467 1697 594 1744 haud
624 1700 765 1762 longe
794 1701 955 1758 aliena,
991 1716 1108 1760 quae
1141 1701 1437 1760 praefationis
1466 1701 1572 1746 loco
1606 1715 1706 1746 esse
1739 1700 1899 1759 possit.

370 1781 554 1828 Etenim
596 1783 811 1842 quoniam
853 1796 1034 1840 omnes,
1084 1783 1164 1842 qui
1197 1783 1259 1829 ad
1303 1783 1613 1841 quaestionem
1652 1782 1712 1827 de
1748 1780 2128 1843 Olynthiaoerum
2168 1781 2424 1826 orationum
2458 1781 2620 1826 ordine

171 1871 476 1921 accesserunt,
508 1870 555 1910 te
588 1879 682 1910 non
708 1872 925 1923 excepto,
959 1865 1021 1910 ad
1051 1865 1292 1923 epistolam
1319 1870 1647 1923 provocarunt,
1683 1879 1801 1922 quae
1837 1865 1898 1909 ad
1928 1866 2200 1909 Aminaeum
2235 1871 2305 1909 est
2336 1881 2364 1908 a
2394 1864 2618 1922 Dionysio

171 1947 342 2007 scripta
373 1931 775 2003 Halicarnassensi,
805 1952 851 1991 et
879 1961 907 1991 a
940 1946 1214 1992 nostratibus
1245 1947 1375 2007 prior
1406 1947 1633 2008 appellari
1668 1948 1806 1992 solet:
1838 1963 1930 1991 non
1963 1948 2193 2008 ingratum
2222 1947 2307 1992 tibi
2334 1947 2435 1992 fore
2465 1962 2617 2006 spero,

174 2032 211 2076 si
241 2029 434 2076 acumini
464 2035 543 2074 tuo
569 2028 814 2074 iudicanda
842 2029 1176 2089 proposuerim,
1209 2029 1270 2075 de
1305 2046 1359 2076 ea
1395 2046 1513 2090 quae
1544 2045 1766 2076 censeam.
1836 2032 1907 2075 Ac
1940 2032 2140 2090 primum
2174 2031 2360 2090 quidem
2387 2031 2437 2074 id
2464 2039 2618 2076 osten—

176 2116 286 2160 dere
323 2113 541 2167 studebo,
587 2112 713 2171 prius
755 2127 855 2157 eam
892 2128 919 2156 a
954 2113 1176 2171 Dionysio
1206 2128 1305 2157 esse
1344 2114 1666 2172 compositam,
1715 2128 1853 2172 quam
1888 2129 2006 2172 quae
2041 2120 2283 2173 praeterea
2318 2115 2396 2158 ille
2425 2115 2485 2159 de
2521 2115 2618 2160 De·

174 2196 410 2241 mosthene
444 2194 575 2239 nobis
611 2194 781 2254 scripta
812 2194 1056 2254 reliquerit,

377 2278 562 2338 Scripta
596 2278 805 2337 Dionysii
841 2277 1016 2323 minora
1052 2280 1100 2323 in
1135 2279 1262 2324 libris
1299 2278 1563 2341 vulgaribus
1594 2294 1650 2325 eo
1679 2280 1797 2325 nosti
1828 2280 2109 2325 circumferri
2141 2281 2326 2337 ordine,
2377 2282 2456 2341 qui
2488 2289 2617 2328 natus

176 2373 244 2409 est
274 2365 408 2418 forte,
436 2376 527 2404 non
561 2362 766 2405 consulto
794 2362 940 2406 factus
978 2362 1035 2422 ¹).
1088 2358 1386 2423 Quapropter
1423 2362 1642 2407 laudandi
1677 2369 1778 2408 sunt
1801 2363 2029 2420 Hudsoni,
2059 2371 2105 2409 et
2137 2371 2241 2409 ante
2276 2379 2433 2410 omnes
2464 2364 2526 2410 A.
2555 2363 2615 2411 G.

174 2446 381 2495 Beckeri
417 2444 464 2505 ⁹)
497 2450 681 2490 conatus
694 2476 707 2502 ,
738 2444 899 2505 quibus
934 2445 1113 2509 singula
1146 2460 1355 2508 quaeque
1389 2452 1599 2493 accurate
1625 2446 2017 2508 perpendentibus
2054 2463 2172 2508 quae
2208 2448 2266 2494 sit
2293 2465 2402 2495 vera
2433 2450 2616 2496 libello-

174 2547 275 2579 rum
304 2530 464 2586 series,
514 2528 649 2574 facile
692 2519 970 2575 intellectum
1014 2536 1095 2577 est.
1163 2530 1399 2577 Habemus
1435 2530 1554 2576 enim
1585 2538 1755 2577 certam
1776 2532 1904 2577 riam
1947 2548 2001 2577 ac
2043 2532 2287 2588 rationem,
2344 2550 2435 2592 qua
2477 2535 2614 2578 falsas

176 2615 411 2676 opiniones
440 2625 707 2672 erroresque
741 2627 769 2658 a
795 2612 926 2658 nobis
959 2612 1194 2675 depellere
1225 2613 1473 2675 possimm,
1523 2613 1561 2660 si
1595 2629 1713 2674 quae
1746 2615 1824 2661 ifle
1853 2615 1913 2660 de
1950 2615 2233 2674 Thucydide
2271 2615 2473 2661 exhibuit
2504 2632 2616 2677 per-

180 2697 408 2758 sequimur
436 2696 600 2757 hisque
628 2702 790 2757 postea
822 2696 1023 2757 reliquos
1057 2697 1238 2744 libellos
1270 2713 1439 2758 eosque
1469 2698 1558 2743 suis
1587 2699 1699 2744 locis
1732 2699 1921 2744 insertos
1953 2680 2175 2744 addimus.
2198 2692 2232 2721 s
2246 2700 2378 2756 Quae
2408 2701 2527 2745 enim
2557 2703 2618 2746 ad

178 2782 297 2828 hanc
331 2795 533 2826 caussam
547 2779 894 2845 ¹explanandam
927 2781 1357 2842 defendendamque
1395 2782 1600 2842 scripsit,
1649 2799 1703 2827 ea
1738 2783 1874 2827 facile
1915 2790 2018 2827 sunt
2050 2784 2097 2826 in
2126 2783 2249 2827 hunc
2283 2784 2457 2829 redacti
2490 2786 2616 2830 ordi-

179 2881 306 2922 nem,
347 2871 398 2910 nt
424 2863 568 2909 libelli
596 2863 653 2925 1)
686 2863 746 2909 de
774 2863 1044 2923 imitatione,
1082 2864 1140 2925 2)
1176 2865 1237 2910 de
1270 2866 1430 2925 priscis
1466 2882 1501 2912 s.
1535 2866 1696 2912 Atticis
1732 2866 2010 2922 oratoribus,
2044 2866 2102 2925 3)
2132 2867 2328 2927 epistola
2363 2868 2423 2912 ad
2454 2869 2616 2913 Tube—

177 2965 350 3005 ronem,
378 2947 436 3008 4)
470 2947 663 3008 epistola
700 2948 762 2993 ad
788 2949 1070 3005 Ammaem,
1105 2965 1224 3008 quae
1252 2951 1393 3010 vulgo
1421 2950 1649 3009 posterior
1676 2957 1985 3009 nuncupatur,
2021 2966 2121 2994 sese
2149 2952 2387 3010 excipiant.
2455 2953 2615 3010 Neque

179 3046 285 3076 sane
322 3046 481 3076 caussa
508 3030 686 3076 videtur
713 3047 827 3089 esse,
864 3047 943 3077 cur
971 3032 1115 3078 minus
1150 3047 1307 3078 verum
1333 3032 1456 3078 hunc
1485 3033 1692 3078 ordinem
1721 3040 1947 3094 putemus.
2018 3032 2163 3080 Omisi
2195 3042 2345 3080 autem
2377 3034 2616 3094 epistolam

314 3150 355 3254 ξ
377 3152 492 3243 ἰ1.ιθ.
518 3152 652 3245 Βίοἱξὸι·
674 3153 712 3190 in
735 3153 834 3191 libro
861 3154 1074 3201 „Dionysiae
1096 3167 1165 3191 von
1188 3154 1305 3191 Halia.
1330 3156 1415 3191 aber
1437 3157 1496 3191 die
1520 3155 1795 3201 Rednergewalt
1820 3156 1882 3191 des
1909 3156 2178 3191 Demosthene&
2203 3157 2319 3199 praef.
2344 3166 2380 3198 p.
2406 3155 2550 3190 XLVII.

395 3233 404 3242 .
445 3235 453 3243 .
477 3219 513 3255 p.
634 3238 642 3246 .
