2911 3749
1467 188 1516 216 lv

260 325 322 370 ad
354 321 627 383 Pompeium
662 322 872 378 missam,
917 310 994 368 cui
1025 317 1094 367 illi
1132 321 1318 371 tertium
1357 316 1649 385 assignarem
1685 320 1861 382 locumz
1893 321 2034 382 ‘quia'
2064 325 2370 369 controversia
2407 338 2506 370 esse
2545 334 2716 385 potest,

256 414 405 453 utrum
432 407 551 451 haec
577 412 686 465 post
719 407 934 467 epistolas
968 407 1030 451 ad
1060 407 1364 460 Tuberonem
1391 415 1438 453 et
1468 409 1765 471 Aminaeum,
1806 420 1864 449 an
1903 406 2037 468 prius
2074 407 2131 452 sit
2165 407 2301 451 edita.
2373 408 2592 455 Transire
2619 410 2710 472 igi-

254 498 328 536 tur
357 492 419 536 ad
451 487 632 535 libellos
661 488 1041 557 Demosthenicos
1075 487 1343 550 possumus3
1385 472 1579 551 quorum
1604 489 1695 551 'qui
1718 474 1982 551 principem
2014 491 2190 536 obtinet
2227 489 2404 548 locum,
2432 491 2517 539 'de
2549 493 2713 540 admi-

252 575 426 621 randa
458 574 510 619 vi
546 572 900 619 Demosthenis
938 574 989 618 in
1028 573 1243 621 dicendo
1278 576 1421 638 vulgo
1465 576 1732 637 inscriptus,
1785 576 2020 636 quoniam,
2071 581 2122 621 ut
2150 575 2241 621 iam
2275 575 2451 621 dudum
2482 591 2714 640 cognove-

252 666 357 705 runt
397 659 457 719 ³),
491 673 601 720 pars
634 665 705 703 est
732 658 839 704 libri
869 658 930 703 de
957 658 1122 705 Atticis
1155 661 1413 707 oratoribus
1447 660 1574 717 editi,
1602 666 1758 721 potest
1786 661 1846 707 ab
1877 660 1975 707 hac
2003 659 2287 721 quaestione
2296 661 2546 723 segregari.
2614 655 2713 710 Re·

250 749 341 788 stat
368 743 512 804 igitur
547 743 743 802 epistola
774 742 836 786 ad
870 743 1158 799 Ammaeum,
1193 744 1336 806 vulgo
1366 744 1497 805 prior
1531 744 1667 790 dicta.
1737 745 1891 805 Atque
1927 744 2019 789 hoc
2049 744 2153 790 loco
2188 750 2360 800 est,u
2328 744 2409 796 ubi
2440 760 2467 789 a
2497 744 2712 802 Beckeri,

248 826 352 872 viri
385 826 648 891 venerandi,
678 841 815 885 quem
858 841 1034 871 summa
1067 827 1241 886 pietate
1273 840 1550 887 prosequor,
1586 829 1806 874 sententia
1837 828 2148 874 recedendum
2178 833 2351 888 putem.
2418 827 2526 875 Una
2555 843 2715 874 caussa

249 910 389 955 allata
421 910 484 954 ad
524 925 622 954 rem
661 910 993 955 conficiendam
1035 910 1244 955 sufficiet.
1312 911 1368 955 In
1409 911 1501 955 hac
1547 913 1668 957 enim
1709 913 1906 973 epistola
1947 912 2191 959 confitetur
2229 911 2453 971 scriptor,
2505 925 2554 958 se
2582 912 2712 963 nolle

248 1009 368 1041 nnnc
407 994 466 1038 de
496 994 697 1038 fontibus
734 994 1022 1052 eloquentiae
1052 992 1437 1039 Demosthenicae
1470 994 1722 1052 disputare,
1756 997 1869 1054 quia,
1893 1011 1966 1041 res
1993 1011 2164 1056 magna
2197 995 2442 1057 gravisque
2477 996 2536 1040 sit
2567 1000 2616 1041 et
2651 996 2715 1041 de

247 1092 311 1123 ea
358 1077 479 1139 quid
521 1077 730 1134 sentiat,
779 1077 882 1124 alio
926 1077 1094 1123 libello
1134 1075 1379 1139 proferre
1420 1078 1731 1123 constituerit
1764 1078 1825 1138 ⁴).
1894 1081 1991 1124 Iam
2040 1080 2277 1138 quoniam,
2328 1079 2389 1124 de
2414 1080 2594 1125 Atticis
2634 1080 2714 1125 ubi

246 1166 588 1206 commentatur*
610 1162 893 1218 oratoribus,
937 1163 1067 1207 illud'
1093 1168 1413 1223 argumentum
1457 1176 1550 1206 non
1584 1163 1732 1223 tangit
1776 1162 1959 1222 paucis,
2007 1162 2092 1208 sed
2134 1162 2286 1207 multis
2325 1162 2476 1207 verbis
2520 1168 2711 1208 tractat:

245 1244 365 1289 hanc
401 1245 646 1304 epistolam
687 1252 791 1290 ante
836 1247 968 1291 illum
1009 1247 1179 1291 librum
1222 1245 1393 1291 editam
1427 1258 1553 1301 esse,
1600 1246 1760 1305 quovis
1790 1246 1988 1307 pignore
2021 1245 2348 1299 contenderim,
2415 1245 2535 1292 Nam
2564 1261 2712 1306 quanJ

245 1343 386 1388 quarn
413 1343 506 1373 non
542 1335 610 1373 est
640 1329 701 1374 de
731 1345 782 1375 re
818 1336 1175 1375 commemorata
1209 1329 1454 1387 peculiaris
1497 1330 1679 1373 libellus
1722 1325 1967 1374 dicendus:
2022 1336 2177 1374 tamen
2215 1335 2462 1388 postquam
2501 1330 2554 1375 id
2593 1344 2710 1390 opus

246 1412 481 1467 ediderat,
541 1429 634 1458 non
686 1420 780 1457 tam
831 1413 1035 1458 debebat
1087 1413 1154 1456 ad
1196 1413 1365 1457 librum
1418 1418 1607 1471 postero
1647 1418 1858 1471 tempore
1900 1413 2192 1457 scribendum
2237 1428 2519 1472 provocare,
2574 1428 2712 1474 quam

244 1496 465 1542 lectorem
495 1497 557 1540 ad
588 1497 807 1555 scriptam
842 1498 1273 1543 commentationem
1308 1497 1554 1541 remittere.
1625 1496 1723 1541 Sed
1760 1502 1991 1556 superest,
2045 1503 2096 1541 ut
2129 1497 2317 1542 tertium
2347 1497 2578 1554 ,librum-a
2608 1498 2710 1565 lam-⁸

245 1580 365 1625 datis
413 1580 644 1625 diversum
684 1581 744 1625 de
789 1581 1102 1626 Demosthene
1140 1597 1169 1626 a
1210 1580 1435 1638 Dionysio
1480 1579 1702 1638 scriptum
1732 1595 1831 1625 esse
1864 1581 2128 1637 ostendam,
2174 1595 2382 1641 eumque·
2415 1582 2568 1641 ipsum
2603 1588 2713 1641 post

245 1664 490 1723 epistolam
535 1665 745 1708 Anunaei
790 1665 963 1708 editum
1009 1664 1332 1709 demonstrem.
1419 1663 1582 1721 Neque
1626 1664 1675 1708 id
1722 1664 1913 1708 difficile
1960 1663 2142 1708 videtur
2188 1678 2300 1709 esse.
2390 1664 2445 1709 In
2477 1662 2711 1710 Dinarcho

244 1746 388 1802 enim,
429 1748 508 1805 qui
541 1748 753 1791 absoluto
789 1749 909 1791 libro
931 1748 1000 1792 'de
1034 1748 1198 1793 Atticis
1235 1747 1491 1791 oratoribus
1528 1747 1724 1804 scriptus
1762 1753 1831 1791 est
1866 1746 1937 1805 ⁵),
1968 1747 2169 1798 {duobus
2218 1746 2333 1792 locis
2376 1747 2440 1792 ad
2478 1762 2712 1793 commen—
2771 1794 2774 1796 ,

243 1831 463 1873 tationem
491 1831 551 1873 de
581 1831 893 1875 Demosthene
929 1837 1153 1889 provocat
1189 1846 1334 1888 eaque
1371 1830 1559 1883 excitat,
1596 1845 1714 1887 quae
1750 1831 1812 1874 ad
1845 1838 2165 1890 argumentum
2199 1831 2260 1875 de
2293 1830 2574 1891 singularum
2603 1846 2711 1877 ora-

244 1915 420 1957 tionum
449 1920 598 1957 aetate
629 1914 886 1972 spuriisque
922 1921 967 1956 et
997 1914 1203 1972 genuinis
1237 1913 1402 1956 libellis
1439 1911 1698 1969 pertineant
1732 1910 1793 1969 ⁶).
1859 1911 1956 1954 Iam
1992 1910 2262 1954 sumendum
2294 1925 2395 1955 esse
2435 1911 2582 1957 credit
2614 1913 2711 1959 Be—

246 1995 413 2040 cker-us
429 2028 442 2051 ,
478 1996 524 2039 in
558 1997 815 2056 posteriore
846 2005 979 2055 parte
1012 1996 1117 2039 libri
1151 1995 1211 2040 de
1240 1994 1402 2041 Atticis
1439 1994 1761 2053 scriptoribus,
1798 1993 1876 2052 qui
1909 1994 2040 2039 nobis
2076 1994 2265 2039 amissus
2295 2000 2391 2050 -est,
2425 1996 2709 2054 quaestiones

249 2081 352 2125 illas
388 2076 528 2124 fuisse
559 2081 781 2124 exhibitas
821 2078 878 2137 7).
950 2080 1058 2138 Ego
1095 2080 1226 2123 aliter
1257 2080 1415 2122 sentio.
1485 2079 1689 2122 Primum
1724 2079 1844 2122 enim
1882 2078 1974 2121 hoc
2010 2078 2047 2122 si
2082 2093 2241 2121 verum
2272 2086 2415 2134 esset,
2465 2080 2709 2140 Dionysius

244 2180 336 2208 non
372 2165 433 2208 ad
470 2166 636 2208 librum
672 2165 732 2208 de
778 2163 1089 2208 Demosthene
1128 2164 1398 2220 scriptum,·
1425 2162 1508 2205 sed
1553 2162 1816 2206 nominatim
1859 2162 1919 2206 de
1960 2162 2121 2206 Atticis
2164 2163 2421 2207 oratoribus
2460 2179 2711 2223 provocas-

382 2294 421 2338 3)
451 2294 610 2331 Iludson
636 2304 695 2337 ap.
725 2292 875 2326 Schaef.
909 2293 1051 2336 Dionys.
1077 2292 1122 2326 de
1148 2303 1309 2345 compos.
1336 2291 1464 2325 verhb.
1491 2290 1608 2335 praef.
1635 2303 1670 2335 p.
1697 2287 1836 2332 xxm,
1864 2289 2006 2325 Becker.
2033 2303 2068 2335 p.
2095 2290 2219 2326 XLVI.

380 2348 422 2395 ⁴)
459 2351 525 2383 cfr.
561 2353 695 2394 1272}
729 2350 785 2383 ed.
821 2344 1067 2390 Retsk.„01}u
1099 2344 1169 2382 ἔστ’
1201 2346 1334 2392 ἔτυμος
1366 2344 1475 2391 λόγος
1510 2342 1622 2387 οὗτος
1659 2366 1695 2372 -
1729 2343 1809 2382 οὐδ’
1844 2343 1883 2381 ἐκ
1907 2346 1983 2381 τῶν
2003 2341 2271 2392 Ἀριστοτέλους
2297 2347 2437 2393 τεχνῶν
2458 2348 2534 2385 τῶν
2552 2345 2709 2395 ὅστωον

242 2406 504 2451 ἐξενεχθεισῶν
540 2406 576 2438 οὶ
610 2403 883 2448 Λημοσθένους
917 2404 1022 2448 λόγοι
1056 2403 1362 2472 συνετάχθησαν,
1404 2400 1495 2438 ἀλλὰ
1520 2400 1608 2436 καθ’
1635 2401 1765 2448 ἑτέρας
1787 2401 1992 2448 εἰσαγωγάς
2014 2416 2132 2445 τινας·
2171 2401 2291 2450 ὑπὲρ
2327 2401 2388 2440 ὦν
2419 2402 2467 2441 ἐν
2496 2406 2605 2457 ἰδίᾳ
2636 2408 2707 2456 δη-

242 2461 375 2498 ἱώσω
399 2463 564 2507 γραφῇ
590 2460 644 2496 τὰ
670 2459 924 2496 δοκοῦντά
949 2474 1041 2504 μοι·
1079 2460 1194 2502 πολὺς
1220 2475 1289 2505 γαρ
1316 2457 1335 2494 ὁ
1362 2459 1445 2503 περὶ
1470 2455 1596 2493 αὐτῶν
1621 2458 1747 2504 Myos,
1788 2455 1834 2494 ὃν
1866 2456 1911 2495 οὗ
1938 2461 2059 2501 καλῶς
2091 2458 2187 2506 εἶχεν
2219 2460 2349 2507 ἑτέρας
2378 2463 2529 2509 γραφῆς
2552 2465 2709 2510 ποιῆσαι

241 2517 471 2564 πάρεργονέί

382 2578 420 2622 ⁵)
447 2578 513 2612 cfr.
540 2589 575 2622 p.
600 2579 670 2612 62⁹
704 2574 826 2620 „11292
856 2573 1066 2619 Δεινάρχου
1099 2574 1166 2609 τοῦ
1198 2571 1361 2620 ῥήτορος
1396 2569 1508 2609 ουδὶν
1540 2571 1696 2619 εἰρηκώς
1727 2570 1767 2608 ἐν
1800 2574 1880 2614 τοῖς
1914 2572 2098 2619 περὶτῶν
2121 2569 2288 2622 ἀρχαίων
2312 2577 2535 2625 γραφεῖσιν,
2573 2576 2641 2614 διὰ
2664 2578 2706 2615 τὸ

241 2633 336 2679 μήτε
361 2630 517 2679 εὑρετὴν
541 2634 641 2668 ἰδίου
666 2630 858 2677 γεγονέναι
882 2632 1120 2676 χαρακτῆρος
1145 2629 1210 2665 τὸν
1235 2627 1375 2675 ἄνδρα,
1411 2627 1535 2674 ὥσπερ
1559 2629 1626 2664 τὸν
1650 2631 1793 2665 Λυσίαν
1816 2629 1879 2665 καὶ
1903 2628 1969 2664 τὸν
1991 2626 2224 2678 Ἰσοκράτην,
2258 2631 2321 2668 καὶ
2345 2631 2412 2668 τὸν
2434 2629 2588 2669 Ἰσαῖον
2611 2633 2707 2681 μήτε

242 2691 319 2726 τῶν
348 2687 563 2736 εὑρημένων
597 2689 738 2735 ἑτέροις
770 2688 986 2734 τελειωτὴν,
1032 2685 1156 2731 ὥσπερ
1194 2686 1260 2721 τὸν
1294 2686 1547 2733 Δημοσθένην
1576 2686 1640 2722 καὶ
1669 2685 1737 2722 τὸν
1763 2687 1935 2732 Αἰσχίνην
1963 2684 2275 2735 καὶ.“Τπερείδην
2298 2685 2406 2735 ἡμεῖς
2438 2691 2638 2736 '‘plutonem“
2669 2697 2707 2728 et

244 2749 388 2783 Becker.
418 2750 443 2782 1.
466 2750 491 2782 1.
518 2760 552 2792 p.
578 2748 702 2781 XLVI.
753 2748 874 2780 Verba
899 2752 1024 2780 autem
1049 2745 1224 2790 Dionysii
1260 2747 1344 2780 ideo
1379 2746 1585 2791 exscripsi,
1626 2751 1667 2779 ut
1690 2746 1806 2780 simul
1830 2746 2089 2792 intelligerent
2114 2748 2298 2790 lectores,
2335 2747 2477 2784 librum
2499 2749 2545 2783 de
2569 2747 2706 2785 Atticis

243 2806 458 2840 oratoribus
490 2818 513 2840 n
544 2806 725 2849 Dionysio
756 2815 844 2837 vere
876 2805 1093 2838 absolutum
1118 2815 1221 2843 esse,
1261 2815 1331 2836 non
1366 2810 1406 2837 ut
1431 2805 1622 2838 Beckerus
1645 2803 1820 2847 opinatur
1843 2815 2016 2845 mancum
2040 2808 2086 2848 et,
2101 2797 2363 2850 imperfectum
2386 2804 2582 2840 mansisse.
2639 2804 2704 2840 Li-

243 2864 368 2898 bellos
394 2863 566 2908 Dionysii
592 2863 637 2895 de
663 2861 856 2906 vaeride
881 2865 918 2894 et
943 2860 1128 2894 Aeschine
1154 2871 1225 2893 non
1251 2872 1447 2904 superesse
1472 2874 1540 2895 nec
1565 2873 1609 2895 ex
1634 2861 1858 2906 fragmentis
1883 2861 1987 2896 nosci
2010 2861 2138 2904 nobis5
2167 2861 2215 2896 id
2240 2863 2390 2908 quidem
2422 2851 2507 2896 non*
2528 2861 2703 2904 excudit,

242 2932 308 2955 eos
333 2931 522 2964 nunquam
548 2920 668 2953 editos
693 2931 788 2952 esse.
842 2919 909 2951 cfr.
937 2919 1079 2952 Becker.
1109 2918 1133 2951 1.
1159 2918 1184 2951 1.
1212 2930 1245 2961 Ρ.
1272 2919 1438 2953 xxvul.

382 2978 420 3022 ⁶)
448 2977 515 3011 cfr.
542 2988 576 3020 Ρ.
602 2979 704 3018 656,
709 2971 742 3016 ,ὁ
765 2971 833 3018 μὲν
859 2972 929 3018 γὰρ
956 2971 1137 3018 Δημοσ-θέ
1139 2985 1229 3013 vove
1254 2974 1337 3018 περὶ
1365 2974 1433 3009 τοῦ
1458 2971 1644 3019 ὀνόματος
1668 2972 1795 3018 λόγος,
1830 2971 1881 3009 ἐν
1893 2968 1923 3021 ᾦ
1947 2972 2093 3009 τούτων
2112 2972 2315 3021 μέμνηται,
2347 2970 2445 3008 κατὰ
2469 2965 2657 3008 Θεσσαλὸν
2680 2970 2706 3019 ἢ

240 3030 517 3076 Ἀπολλόδωρον
556 3028 718 3076 ἄρχοντα
753 3028 976 3070 τετέλεσται,
1015 3043 1065 3070 ως
1102 3028 1150 3064 ἐν
1192 3034 1299 3071 τοῖς
1332 3031 1441 3077 περὶ
1475 3028 1837 3077 Δημοσθένους
1873 3029 2173 3076 δεδηλώκαμενμ
2211 3045 2245 3078 p.
2277 3034 2346 3066 666
2378 3031 2554 3075 ‚monost
2588 3028 2706 3066 ἔτεσιν

241 3087 397 3133 ὕστερον
421 3086 626 3133 η’γωνισται
651 3087 717 3122 τὸν
749 3084 876 3131 ἀγῶνα
903 3084 922 3122 ὁ
947 3086 1176 3133 κατήγορος,
1219 3085 1311 3123 ἀλλὰ
1337 3087 1430 3132 δύο,
1460 3085 1481 3134 ἢ
1508 3089 1648 3133 τρισίν,
1675 3100 1726 3129 ως
1751 3084 2016 3134 ἀκριβέστερον
2039 3087 2123 3134 περὶ
2148 3085 2275 3125 αυτῶν
2298 3085 2348 3123 ἐν
2370 3087 2427 3135 τῇ
2450 3084 2703 3134 Δημοσθέ-

235 3157 362 3185 νους
387 3146 549 3190 γραφῇ
575 3142 874 3189 δεδηλώκαμενβ*

381 3204 419 3245 ⁷)
447 3204 587 3237 Becher.
614 3204 637 3236 1.
666 3203 689 3235 l.
719 3213 751 3245 p
780 3201 912 3236 xxlx.
940 3200 1093 3235 XXXII.
