2911 3749
1427 162 1483 201 16

220 285 320 327 tiam
348 286 415 327 hic
444 286 556 336 dixit,
586 291 816 340 promptam
847 287 954 342 apud
983 300 1057 329 nos
1086 300 1134 330 ac
1157 293 1338 343 paratam
1362 292 1663 335 excusationem
1689 285 1815 333 hahet
1847 303 1936 335 eam
1965 293 2084 347 quod·
2103 293 2248 338 foedus
2275 294 2397 349 paulo
2426 297 2519 337 ante
2540 295 2679 349 Olym-

221 356 350 408 piadis
373 354 481 395 cvll
507 367 653 395 annum
683 357 857 409 primum
887 357 973 407 (Or.
1003 358 1201 399 Aristocr.
1237 372 1278 412 p.
1308 359 1461 414 6565.
1491 360 1600 411 1⁰8,
1645 360 1810 414 Olynth.
1842 359 1910 413 Ill,
1946 360 1986 415 §.
2019 359 2069 417 7)
2099 366 2146 404 ut
2173 363 2404 407 faciendum
2437 376 2681 407 commemo-

219 427 349 463 ratum
380 435 474 462 enm
504 425 737 465 meminisse
764 429 806 465 et
834 425 915 466 hoc
944 426 1116 478 primum
1145 427 1296 468 dixisse
1323 429 1366 468 in
1399 432 1543 481 aperto
1573 432 1639 470 est
1665 427 1748 485 3⁹).

422 492 538 532 Haec
564 497 700 533 autem
731 506 899 546 quorum
913 493 1184 535 Philochorus
1219 497 1453 537 memoriam
1483 497 1666 549 prodidit
1691 498 1835 547 omnia,
1864 499 1942 539 nisi
1970 498 2082 540 forte
2110 498 2349 552 Dionysium
2377 500 2511 543 credis
2534 500 2577 540 in
2607 512 2676 541 ex-

214 560 430 600 scribenda
464 561 552 600 eius
584 562 815 602 narratione
853 562 909 601 ita
936 574 1154 614 peccasse,
1183 566 1229 602 ut
1260 564 1367 616 quod
1397 564 1432 604 is
1460 576 1567 605 auno
1595 566 1745 607 sactum
1778 570 1976 619 sequente
2005 567 2240 609 tradidisset
2268 568 2542 611 Callimacheo
2570 581 2676 610 auno

212 628 432 679 tribueret,
481 641 564 669 uno
595 642 700 670 anno
726 633 841 682 gesta
870 633 964 668 sunt
993 628 1247 684 Olympiadis
1277 632 1385 673 cvu
1415 637 1557 685 quarto
1585 635 1634 659 ⁴0
1615 635 1671 686 o).
1729 635 1860 686 Quem
1887 648 2034 676 annum
2062 636 2130 689 qui
2156 637 2338 689 sequitur
2364 636 2587 690 Theophili
2614 649 2676 677 ar-

213 696 395 746 chontis,
441 698 484 738 in
513 712 565 739 eo
596 699 796 751 Olynthus
828 702 1024 751 occupata
1051 712 1076 738 a
1102 698 1291 753 Philippo
1322 705 1397 741 est.
1456 702 1582 743 Dion.
1612 704 1690 757 Ep.
1720 704 1785 744 Ad
1815 705 1944 745 Amm.
1974 703 2005 753 Ι,
2037 718 2076 757 p.
2106 703 2194 744 786
2221 703 2350 745 Rei..-

487 775 580 820 μετὰ
615 773 684 820 γὰρ
719 771 884 820 ἄρχοντα
907 774 1167 821 Καλλίμαχον,
1220 772 1290 820 ἐφ’
1328 772 1386 812 οὖ
1421 776 1516 819 τὰς
1551 779 1625 821 εἰς
1649 777 1900 816 Ὄλυνθον
1933 779 2180 826 βοηθείας
2213 776 2521 817 ἀπέστειλαν
2551 775 2674 825 Ἀθη-

484 847 625 878 ναῖοι
658 841 972 886 πεισθέντες
1001 840 1099 879 ὑπὸ
1123 843 1460 889 Δημοσθένου
1475 859 1514 890 ς,
1553 846 1741 893 Θεόφιλός
1769 847 1868 885 ἐστιν
1893 845 2037 894 ἄρχων,
2075 844 2165 886 καθ’
2190 846 2236 886 ὃν
2258 847 2434 896 ἐκράτησε
2457 849 2527 895 τῆς
2548 844 2674 884 Ὀλυν-

480 913 579 948 θίων
604 911 745 953 πόλεως
771 912 966 954 Φίλιππος.

204 975 324 1026 Quod
353 974 460 1013 euim
488 973 689 1014 Diodorus
717 973 874 1013 Siculus
894 972 1003 1021 XVI,
1031 972 1103 1023 53,
1133 972 1291 1027 Ephori
1322 978 1365 1015 et
1390 974 1651 1030 Theopompi
1680 978 1723 1017 in
1750 976 1830 1017 hac
1856 977 2056 1019 historiae
2079 982 2199 1033 parte
2228 983 2273 1019 ut
2302 979 2459 1021 videtur
2488 977 2671 1031 pedisse-

203 1056 305 1095 quus
336 1042 496 1096 (Heyn.
523 1042 640 1082 Font.
658 1041 776 1082 Diod.
803 1041 834 1090 l,
872 1055 913 1093 p.
942 1041 1001 1081 8⁰
1030 1039 1127 1095 sq.),
1164 1042 1316 1082 bellum
1347 1056 1439 1082 cum
1466 1043 1672 1096 Olynthiis
1701 1047 1915 1097 receptum
1942 1057 1969 1085 a
1994 1044 2293 1100 Zitssffiuqne
2321 1047 2487 1101 oppidis,
2512 1044 2672 1085 Chalci-

203 1112 398 1152 densibus
423 1111 550 1163 captis
580 1109 818 1150 Thessalica
853 1108 1113 1163 expeditione
1142 1109 1341 1151 distinens
1372 1108 1533 1164 (Elath.
1564 1126 1604 1165 p.
1634 1110 1738 1166 188)
1767 1111 1821 1153 ad
1849 1110 2013 1166 olym».
2042 1104 2192 1164 cvm,
2229 1114 2255 1154 1
2285 1113 2462 1162 rettulit,
2492 1126 2611 1165 suum,
2636 1113 2679 1167 is,

204 1193 362 1220 morem
391 1180 548 1218 initium
578 1179 639 1218 rei
668 1179 861 1230 cuiusque
893 1182 1036 1231 gestae
1065 1183 1150 1217 tum
1178 1179 1392 1218 enarrandi
1419 1193 1509 1220 cum
1542 1182 1750 1222 eiusfinis
1779 1184 1890 1222 esset
1918 1181 2165 1233 emanandas
2194 1180 2369 1235 (Weisk.
2397 1182 2507 1233 Hyp.
2527 1181 2605 1230 lu,
2633 1196 2672 1234 p.

205 1244 280 1301 19)
311 1246 352 1288 ia
377 1245 457 1289 hac
484 1258 646 1301 quoque
674 1258 721 1288 re
748 1245 954 1288 videretur
982 1248 1146 1288 secutus
1174 1258 1288 1298 esse,
1336 1246 1371 1289 si
1402 1246 1570 1290 alterius
1612 1247 1732 1293 huius
1774 1247 1871 1291 helil
1909 1247 2084 1302 omnino,
2110 1241 2269 1292 initium
2302 1248 2462 1291 referre
2489 1261 2572 1291 non
2600 1260 2672 1291 ue·

204 1315 411 1368 glexisset.

405 1383 641 1436 Quanquam
666 1383 748 1423 hoc
776 1384 938 1424 nomine
967 1382 1189 1422 laudandus
1219 1383 1288 1422 ille
1317 1387 1403 1434 est,
1432 1384 1543 1437 quod
1570 1382 1722 1423 bellum
1754 1394 1847 1423 cum
1875 1369 2120 1429 Chalcidicis
2147 1382 2314 1426 urbibus
2343 1387 2504 1438 gestum
2536 1381 2667 1439 (XVI,

201 1450 304 1505 52),
363 1451 471 1503 quod
509 1451 559 1491 ad
589 1451 751 1504 olymp.
777 1451 904 1501 CVll,
935 1453 959 1491 1
992 1463 1072 1492 non
1110 1454 1226 1491 recte
1255 1452 1425 1493 retraxit
1454 1451 1690 1492 Voemelius
1729 1447 1812 1504 (De
1843 1451 1965 1504 Bello·
1986 1452 2178 1506 Amphip.
2206 1465 2247 1505 p.
2276 1452 2359 1501 29,
2411 1451 2573 1506 Proleg.
2603 1453 2668 1494 Ad

203 1519 323 1558 Dem.
353 1516 503 1573 Phil),
546 1519 763 1571 ziramque
793 1522 1031 1573 occupatam
1059 1519 1110 1559 ab
1138 1518 1359 1571 Olynthico
1388 1519 1497 1560 bello
1527 1532 1604 1570 eo,
1656 1519 1699 1558 in
1730 1530 1810 1572 quo
1840 1521 2007 1572 practer
2034 1519 2258 1572 Olynthum
2285 1519 2540 1573 Mecyberna
2567 1531 2667 1575 qno-

204 1600 284 1638 que
314 1592 357 1626 et
383 1587 554 1627 Torone
582 1591 725 1639 captae
755 1592 910 1635 esseut,
964 1587 1172 1634 distinxit,
1220 1587 1247 1624 l.
1278 1599 1316 1625 c.
2551 1584 2554 1587 “

407 1656 470 1695 Ad
502 1655 663 1707 Olymp.
692 1655 813 1703 cvn,
842 1656 884 1702 4,
916 1668 950 1694 c.
980 1654 1070 1694 525:
1105 1663 1290 1704 Φίλιππος
1315 1662 1543 1707 στρατεύσας
1574 1660 1635 1697 ἐπὶ
1668 1660 1753 1701 τὰς
1787 1660 2018 1704 Kaiadas&
2039 1661 2185 1706 πόλεις,
2222 1663 2358 1707 Zeton
2390 1662 2459 1709 μὲν
2484 1663 2684 1711 φρούριον·

476 1730 772 1777 ἐκπολιορκήσας
811 1729 1048 1776 κατέσκαψε,
1098 1732 1175 1766 τῶν
1204 1728 1239 1766 δ’
1268 1729 1390 1767 ἄλλων
1413 1729 1654 1776 πυλωμάτων
1677 1728 1760 1767 ἔνια
1782 1728 2113 1777 καταπληξάμενος
2137 1727 2346 1778 ἠνάγκασεν
2367 1720 2672 1770 ὑποτάττεσθαι·

472 1799 535 1835 ἐπὶ
567 1799 608 1834 δὲ
632 1799 700 1841 τὰς
726 1800 847 1844 Φερὰς
871 1820 916 1825 -
940 1820 985 1825 -

406 1863 470 1902 Ad
495 1862 656 1913 olymp.
687 1861 828 1909 CVIll,
858 1863 900 1909 1,
929 1874 964 1898 c·
980 1861 1072 1899 53.:
1114 1870 1299 1910 Φίλιππος
1333 1868 1592 1915 Μηκύβερναν
1624 1866 1691 1910 μὲν
1722 1868 1785 1902 καὶ
1815 1867 2001 1912 Τορώνην,
2018 1868 2133 1912 χωρὶς
2163 1869 2351 1905 κινδύνων
2374 1870 2441 1906 διὰ
2463 1873 2670 1915 προδοσίας

478 1936 706 1983 παρέλαβεν·
756 1935 818 1971 ἐπὶ
848 1935 890 1971 δὲ
922 1936 994 1981 τὴν
1024 1939 1199 1983 μεγίστην
1233 1939 1310 1972 τῶν
1338 1938 1424 1981 περὶ
1457 1936 1549 1976 τοὺς
1580 1934 1724 1975 τόπους
1758 1935 1919 1975 τούτονς
1949 1934 2095 1970 πόλεων
2112 1933 2305 1971 Ὄλυνθον
2329 1938 2557 1981 στρατεύσας
2576 1941 2669 1984 μετὰ

477 2008 617 2051 πολλῆς
642 2004 856 2049 δυνάμεως,
905 2005 949 2040 τὸ
969 2005 1040 2049 μὲν
1063 2008 1217 2049 πρῶτον
1238 2005 1396 2050 νικήσας
1425 2004 1516 2045 τοὺς
1539 2002 1763 2044 Ὀλυνθίους
1787 2004 1873 2039 δνσὶ
1893 2003 2056 2048 μάχαις,
2100 2003 2329 2040 συνέκλεισεν
2350 2006 2405 2045 είς
2427 2011 2668 2053 πολιορκίαν·

474 2073 685 2121 προςβολάς
721 2071 762 2109 δὲ
790 2077 954 2118 συνεχεῖς
977 2072 1204 2118 ποιούμενος
1229 2073 1391 2114 πολλοὺς
1414 2075 1490 2109 τῶν
1520 2074 1758 2118 στρατιωτῶν
1781 2068 1969 2119 ἀπέβαλεν
2000 2070 2042 2108 ἐν
2063 2076 2148 2113 ταῖς
2171 2076 2422 2119 τειχομαχίαις
2438 2089 2445 2096 ·
2481 2075 2524 2113 τὸ
2549 2077 2588 2112 δὲ
2612 2091 2667 2113 τε-

472 2147 646 2180 λευταῖον
668 2164 714 2169 -
736 2163 783 2169 —-
806 2143 1064 2187 προδοθεῖσαν
1085 2141 1157 2188 τὴν
1171 2139 1370 2178 Ὄλυνθον
1393 2140 1496 2178 εἷλεν.
1558 2132 1641 2187 (Ad
1668 2145 1773 2184 qm
1801 2132 1906 2175 udde
1936 2132 2052 2181 XVI,
2079 2130 2171 2187 54.)

404 2203 551 2257 Neque
579 2217 678 2244 vero
707 2202 771 2243 vel
799 2202 839 2242 id
868 2216 965 2243 vere
995 2216 1089 2243 eum
1118 2203 1334 2243 tradidisse
1358 2204 1436 2243 iam
1459 2205 1597 2254 potest
1622 2201 1784 2254 negari,
1820 2205 1915 2253 post
1943 2200 2079 2241 Ziram
2104 2200 2337 2254 Philippum
2365 2207 2543 2255 captam,
2574 2218 2665 2245 cum

197 2287 278 2316 non
309 2274 443 2316 omnia
471 2277 516 2312 ut
546 2275 779 2326 speraverat
812 2271 948 2311 statim
980 2272 1178 2312 cederent
1208 2269 1395 2326 (Olynth.
1426 2269 1457 2320 l,
1483 2268 1522 2322 §.
1548 2267 1648 2323 21),
1687 2271 1728 2310 in
1758 2268 2012 2314 Themaliam
2041 2273 2161 2310 antea
2189 2269 2490 2323 expeditionem
2514 2272 2663 2315 fecisse

196 2355 315 2396 quam
343 2340 621 2382 Chalcidicum
649 2339 975 2393 persequendum
1005 2339 1155 2380 bellum
1184 2339 1368 2380 duceret.
1455 2336 1601 2378 Nonne
1629 2338 1735 2379 enim
1765 2337 1844 2378 hac
1877 2340 2067 2390 suscepta
2094 2337 2297 2378 sententia
2325 2349 2467 2380 omnes
2496 2343 2540 2379 tn
2567 2353 2662 2393 per-

195 2410 384 2454 sentiscis
414 2408 677 2450 difficultates
711 2408 845 2449 excuti
881 2408 1107 2449 radicitus}
1163 2407 1266 2448 Nam
1306 2419 1398 2448 cnm
1437 2406 1656 2447 secundm
1690 2405 1872 2447 Metonis
1911 2417 2016 2459 quae
2056 2416 2106 2446 ea
2140 2408 2276 2447 aetate
2303 2405 2476 2448 Athenis
2504 2407 2664 2450 valebat

192 2480 392 2536 temporis
423 2477 775 2526 constitutionem,
813 2480 856 2516 ut
886 2477 983 2518 olim
1011 2476 1181 2517 brumali
1211 2476 1299 2526 die,
1334 2474 1584 2516 Gamelionis
1613 2487 1774 2525 mense,
1812 2475 1874 2516 sic
1901 2479 1998 2514 tunc
2027 2473 2202 2516 solstitio
2233 2475 2275 2515 in
2303 2475 2661 2519 Hecatombaeone

194 2550 354 2591 mediae
383 2548 528 2589 set-tis
552 2558 695 2586 mense
723 2546 817 2585 anni
846 2549 959 2585 esset
985 2545 1141 2585 initium
1166 2542 1294 2598 (Idci.
1325 2543 1523 2585 Chronol.
1550 2544 1681 2584 Math.
1716 2544 1772 2583 Et
1801 2543 1961 2595 Techn.
1987 2556 2027 2595 p.
2052 2542 2163 2592 285,
2201 2544 2255 2584 οἰ.
2286 2542 2418 2598 829),
2450 2544 2661 2606 Philippus

196 2620 361 2658 ineunte
399 2620 542 2669 quarto
572 2613 734 2665 Olymp.
764 2613 872 2652 CVll
902 2625 1031 2661 anno,
1084 2613 1216 2651 media
1246 2617 1423 2660 aestate,
1481 2611 1774 2653 Chalcidenses
1799 2623 2040 2663 τερ-ωηο,
2094 2615 2181 2650 tum
2208 2611 2249 2650 in
2280 2602 2532 2651 Thessaliam
2561 2625 2658 2665 pro-

197 2687 331 2726 fectus
361 2689 403 2724 et
432 2695 529 2723 vere
565 2681 748 2721 eiusdem
779 2682 872 2720 anni
901 2682 953 2720 ad
985 2680 1256 2720 Chalcidense
1288 2680 1439 2720 bellum
1458 2684 1590 2737 atque
1618 2680 1880 2732 Olynthicum
1910 2691 2103 2722 reversus
2127 2679 2221 2718 illos
2249 2679 2395 2719 eodem
2424 2692 2529 2720 anno
2558 2693 2660 2721 non-

197 2756 294 2793 dum
331 2753 468 2799 linito,
516 2751 598 2789 hoc
632 2755 695 2789 est
732 2762 829 2790 vere
858 2750 1065 2800 priorique
1093 2748 1261 2788 alterius
1286 2749 1451 2791 aestatis
1479 2752 1617 2800 parte,
1654 2747 1886 2799 perdomuit
1914 2753 2036 2800 atque
2066 2747 2235 2794 evertit,
2278 2746 2661 2798 Mecyberna-inm

194 2836 314 2870 vero,
373 2817 669 2859 Toroneusium
708 2817 973 2870 ipsorumque
1009 2815 1296 2867 Olynthiorum
1335 2816 1458 2856 urbes
1486 2818 1583 2856 ante
1611 2814 1784 2855 mediam
1814 2815 1901 2856 eius
1931 2815 2025 2856 snui
2054 2816 2250 2855 aestatem
2279 2813 2448 2855 alteram
2477 2814 2657 2865 adortus,

195 2892 314 2929 huius
343 2888 508 2928 aestatis
538 2890 654 2938 parte
680 2886 921 2936 posteriori,
951 2885 992 2924 id
1023 2889 1086 2924 est
1115 2885 1279 2937 Olymp.
1303 2884 1430 2925 cvm
1461 2885 1593 2937 primo
1623 2896 1729 2924 anuo
1757 2884 1993 2936 incipiente,
2024 2883 2249 2935 occupavit.

338 2998 398 3041 ³⁹)
423 2995 596 3029 Attamen
623 3004 726 3032 cum,
767 2992 863 3033 quod
888 2992 1031 3025 factum
1056 2991 1152 3025 illud
1178 2990 1340 3036 primum
1363 2991 1461 3035 quod
1486 2991 1715 3036 sumpsimus
1739 2991 1872 3026 foedus
1896 2991 1967 3033 sit,
2005 2990 2151 3025 nullasu
2174 2990 2348 3025 videatur
2371 2989 2465 3024 satis
2489 2991 2657 3026 luculen-

198 3061 275 3091 tum
302 3058 450 3091 exstare
474 3049 751 3090 testimonium,
783 3047 885 3082 haud
910 3047 989 3082 scio
1013 3058 1059 3083 an
1084 3047 1358 3094 symmaehiam
1380 3047 1586 3094 Dionysius
1610 3047 1762 3084 tertiam
1795 3047 1949 3085 tertiam
1973 3047 2111 3083 dixerit
2140 3045 2430 3092 expeditionem.

336 3111 398 3154 ⁴⁰)
424 3111 500 3143 Cur
523 3110 618 3142 haec
644 3105 817 3150 repudiet
845 3106 1041 3138 Zimnaerm.
1065 3104 1176 3138 unius
1208 3104 1297 3138 anni
1321 3104 1485 3147 spatium
1509 3116 1804 3140 commemorans
1835 3105 1988 3139 brevius
2013 3116 2097 3139 esse
2121 3115 2234 3148 qum
2254 3104 2295 3137 in
2315 3116 2391 3147 quo
2413 3106 2659 3139 omnes-illae

196 3168 483 3204 Atheniensium
509 3165 640 3210 copiae
663 3162 766 3199 mitti
791 3160 1006 3207 potuerint,
1038 3172 1111 3196 non
1136 3171 1315 3205 assequor
1339 3160 1463 3197 animo
1487 3161 1671 3206 equidem.
