2911 3749
1344 186 1374 227 Ἰ

128 297 369 351 metropolin
399 302 442 341 et
468 300 582 354 qnasi
614 302 742 352 eaput
761 299 912 351 finisse,
947 299 991 340 iu
1016 310 1096 353 qua
1126 298 1235 341 cives
1262 300 1420 341 illarum
1448 298 1749 342 necessitudine
1778 296 1950 352 quadam
1976 298 2103 338 iuncti
2131 298 2185 339 de
2212 298 2335 339 rebus
2365 300 2585 340 communi-

130 366 207 406 hua
235 366 516 417 deliberarint,
546 366 718 408 maxime
745 367 904 408 videtur
928 366 1154 422 probabile.
1213 366 1317 409 Nam
1341 368 1569 409 foederatas
1597 368 1704 408 iuter
1733 379 1826 407 sese
1853 378 1922 406 eas
1951 366 2076 405 urbes
2106 365 2255 415 fuisse,
2286 378 2377 407 cum
2407 377 2586 407 commu·

132 434 195 477 nis
228 435 354 488 οιὶςο-
385 438 605 488 sertumque
643 448 786 477 earum
816 435 1007 479 numerus
1034 435 1222 486 iudicat,
1271 440 1357 477 tum
1392 436 1435 476 id
1471 436 1578 488 quod
1612 436 1835 489 generatim
1868 434 2095 475 confinibus
2129 434 2297 474 urbibus
2329 439 2587 487 opponuntur

133 500 285 558 (Thac.
315 501 385 553 Ν,
411 501 471 543 w
502 501 627 558 Η));
655 517 737 558 quo
763 504 939 558 Polybii
948 503 1126 546 sonasse
1153 505 1312 547 accedit
1338 505 1556 545 auctoritas
1587 505 1659 556 ²2)
1686 501 1866 559 (Fragm.
1896 501 1966 552 IX,
1996 513 2031 542 c.
2062 498 2158 555 28)·
2191 504 2239 554 ἦν
2261 523 2299 546 τι
2323 508 2490 555 σύστημα
2511 509 2587 545 τῶν

133 576 195 615 ἐπὶ
218 576 372 626 Θρᾴκης
393 574 623 624 Ελλήνωνς
642 572 720 613 nisi
754 572 851 614 hinc
884 573 1123 627 ampliorem
1155 574 1352 653 quandam
1389 572 1634 613 Graecarum
1668 573 1710 613 in
1745 571 1949 612 Thraciae
1988 570 2129 610 littore
2157 570 2315 610 urbium
2349 570 2585 611 societatem

129 642 343 690 praeterea
370 639 550 678 iunctam
577 650 669 679 esse
697 641 985 693 comprobatur
1018 642 1099 690 ⁸-.⁸)

332 706 441 748 Huic
466 710 600 749 autem
624 706 956 751 Chalcidensium
983 707 1166 759 foederi,
1214 708 1322 761 quod
1357 708 1486 751 misse
1521 718 1722 750 sumamus
1751 718 1921 749 necesse
1952 708 2036 757 est,
2087 703 2289 758 Olynthus
2317 717 2390 758 per
2419 704 2584 758 longum

130 777 243 813 certe
270 778 432 828 tempus
457 776 659 828 asscripta
685 787 767 816 nou
793 776 883 817 fuit.
940 776 1048 828 Quid
1077 777 1184 816 euim
1210 787 1256 816 ea
1284 777 1395 827 urhs,
1424 789 1527 829 quae
1552 777 1595 816 iu
1620 776 1805 816 Sithonia
1834 776 1911 815 sita
1936 785 2066 827 nsque
2094 773 2144 813 ad
2175 773 2274 813 belli
2302 772 2454 813 Persici
2480 775 2584 812 tem·

129 853 231 895 pora
260 854 284 883 a
312 842 507 883 Bottiaeis
529 840 600 898 ²⁴)
626 843 807 885 habitata
834 844 1124 899 potentiaeque
1150 844 1338 886 minimae
1366 845 1502 895 fnerIt,
1530 844 1581 887 ad
1610 842 1931 886 Chalcidenses‘!
1969 841 2051 883 Sed
2080 841 2132 883 ab
2161 841 2242 884 hoc
2266 840 2362 883 inde
2387 844 2586 893 tempore,

130 922 221 949 cum
255 911 306 949 ab
335 910 536 950 Artabazo
574 915 693 965 capta
728 909 884 967 (Arist.
915 926 980 968 ap.
1012 913 1128 953 Plut.
1164 913 1330 954 mesco
1361 925 1396 953 c.
1425 913 1542 965 XVI,
1587 913 1693 954 Her.
1731 912 1845 964 VIII,
1883 909 1986 967 127)
2023 914 2067 952 et
2102 910 2296 952 Bottiaeis
2324 911 2367 950 in
2397 907 2584 963 paludem

131 979 271 1018 tractis
301 979 527 1030 occisisque
557 980 768 1019 Critobulo
798 981 1027 1022 Toronensi
1056 982 1287 1035 (eidemque
1315 980 1591 1036 Chalcidensi)
1628 987 1671 1022 et
1703 981 1959 1021 Chalcidicae
1987 981 2099 1032 genti
2128 981 2170 1019 in
2199 979 2366 1018 tutelam
2402 978 2468 1026 2⁵)
2500 981 2581 1015 tra—

126 1044 209 1084 dita
238 1051 360 1098 esset,
388 1053 433 1086 nt
462 1049 596 1087 Arnae
621 1049 717 1087 urbs
743 1049 890 1098 (Thac.
912 1050 981 1099 IV,
1005 1049 1109 1106 1⁰3)
1136 1054 1178 1090 et
1197 1050 1364 1090 Torone
1393 1050 1483 1101 (IV,
1503 1052 1602 1099 11⁰,
1621 1051 1726 1101 114)
1756 1062 1846 1088 cum
1872 1050 2035 1088 nomine
2057 1048 2312 1087 Chalcidico:
2340 1059 2391 1085 en
2415 1051 2584 1096 σύστημα

124 1111 307 1165 Polybii:
336 1116 549 1155 coniuncta
572 1117 650 1156 fuit
679 1114 767 1170 (IV,
797 1117 893 1168 123,
925 1119 1048 1161 Dem.
1076 1119 1123 1160 F.
1140 1118 1187 1158 L.
1216 1132 1257 1171 p.
1275 1117 1394 1167 425),
1422 1121 1465 1157 et
1489 1118 1608 1157 bellis
1640 1118 1829 1157 adversus
1855 1116 2213 1165 Lacedaemonios,
2242 1114 2513 1154 Athenienses
2543 1116 2585 1151 et

125 1181 376 1222 Macedones
405 1184 493 1223 aliis
518 1184 598 1224 alio
635 1188 823 1238 tempore
859 1187 988 1238 gestis
1027 1186 1372 1236 societatibusque
1406 1197 1497 1223 cum
1532 1185 1677 1225 iisdem
1713 1185 1823 1223 initis
1854 1188 1896 1223 et
1922 1184 2010 1223 aliis
2039 1184 2192 1223 caussis
2223 1183 2398 1221 omnium
2426 1182 2584 1220 illarum

126 1248 248 1301 longe
274 1251 523 1291 nobilissima
540 1256 617 1291 est
643 1257 686 1290 et
713 1254 995 1305 potentissima
1023 1254 1133 1294 facta
1161 1251 1294 1307 (Xan.
1323 1251 1432 1291 Hell.
1460 1250 1524 1301 V,
1554 1252 1603 1302 2,
1644 1251 1715 1292 12.
1772 1251 1892 1291 Dem.
1915 1251 1962 1291 Ε.
1991 1251 2040 1293 L.
2075 1264 2116 1302 Ρ.
2145 1249 2244 1290 425.
2303 1248 2497 1289 Tschuck.
2530 1246 2581 1287 ad

122 1314 319 1369 Pompon.
353 1318 378 1359 l.
409 1318 480 1370 c..)
537 1318 667 1370 Quam
692 1320 918 1373 potentiam
947 1323 1144 1361 auxerunt
1169 1317 1352 1371 Olynthii
1382 1330 1454 1369 eo,
1491 1318 1601 1370 quod
1627 1331 1766 1360 eorum
1798 1331 1900 1371 quae
1928 1318 2095 1371 propius
2132 1331 2156 1358 a
2192 1317 2292 1357 mari
2321 1317 2489 1357 aberant
2519 1314 2581 1355 lo-

123 1395 263 1424 corum
291 1385 446 1426 incolas
474 1387 515 1427 iu
543 1400 656 1427 suam
683 1388 863 1441 ipsorum
893 1388 1036 1427 urbem
1069 1385 1141 1440 ⁸⁶)
1177 1389 1425 1439 receperunt
1460 1390 1504 1425 et
1539 1386 1715 1439 reliquas
1750 1387 1873 1426 urbes
1899 1387 1963 1425 vel
1995 1387 2137 1425 invitas
2166 1397 2214 1424 ac
2242 1385 2494 1436 refragantes
2524 1383 2581 1421 ita

120 1451 199 1491 sibi
235 1452 498 1494 devinxerunt
535 1458 582 1494 ut
620 1465 757 1495 earum
792 1455 988 1509 populum
1023 1454 1108 1495 suis
1136 1453 1294 1506 legibus
1320 1455 1509 1506 tanquam
1537 1453 1705 1494 fundum
1733 1452 1823 1494 fieri
1853 1453 2004 1494 vellent
2031 1451 2243 1507 (Xenoph.
2272 1450 2300 1491 l.
2331 1463 2367 1492 c.
2395 1449 2473 1498 12;
2501 1447 2580 1499 14)

122 1521 488 1575 commerciumque
520 1533 612 1563 cum
650 1534 728 1574 eo,
775 1521 1019 1563 connubium
1044 1524 1088 1562 et
1119 1522 1320 1576 civitatem
1352 1522 1706 1564 communicarent.
1764 1521 1810 1563 Id
1844 1521 1950 1564 enim
1979 1519 2139 1575 olymp.
2172 1520 2334 1561 circiter
2363 1516 2516 1566 XCIX,
2551 1515 2577 1556 1

119 1600 192 1627 eos
219 1593 306 1627 tum
334 1589 483 1631 fecisse
511 1593 596 1629 tum
626 1591 857 1630 decrevisse
882 1590 1116 1644 Xenophon
1141 1592 1284 1627 auctor
1313 1591 1379 1626 est
1402 1588 1511 1627 HeII.
1539 1589 1592 1639 V,
1617 1590 1661 1640 2,
1689 1590 1759 1629 19.

323 1656 678 1696 Verumenimvero
706 1659 741 1696 si
767 1659 824 1697 ita
852 1661 1043 1710 egerunt,
1093 1668 1176 1696 uon
1204 1656 1337 1709 potuit
1364 1656 1454 1695 fleri
1490 1657 1585 1709 quin
1612 1660 1838 1696 ceterarum
1866 1657 2027 1696 urbium
2060 1656 2172 1709 quasi
2203 1653 2400 1707 quendam
2428 1653 2577 1706 princi-

117 1723 255 1774 p'atum
283 1723 514 1763 obtinerent
543 1728 585 1762 et
613 1725 795 1776 regimen
821 1722 953 1778 (Xen.
981 1726 1009 1766 1.
1040 1737 1093 1774 c.,
1130 1723 1270 1777 Polyb.
1299 1723 1326 1762 l.
1359 1736 1416 1763 c.:
1450 1729 1623 1776 μέγιστον
1648 1729 1690 1766 δὲ
1711 1729 1785 1776 εἶχε
1806 1731 2004 1777 πρόσχημα
2027 1730 2092 1765 καὶ
2115 1728 2278 1775 δύναμιν
2302 1726 2326 1775 ἦ
2351 1730 2428 1765 τῶν
2448 1726 2578 1765 Ὀλυν-

115 1797 216 1831 θίω*
237 1796 369 1839 mulsi
395 1790 483 1830 Str·
511 1791 563 1830 X·
594 1805 630 1831 (²-
660 1793 710 1830 1²
736 1797 762 1846 ἦ
786 1797 827 1835 δὲ
850 1800 988 1841 Χαλκὶς
1009 1798 1222 1846 (συνῴκισε)
1252 1795 1421 1837 resine»
1443 1796 1620 1845 Ὀλύνθῳ
1643 1796 1826 1842 (πόλεις),
1858 1796 1904 1839 ἃς
1929 1799 2112 1840 Φίλιππος
2138 1797 2405 1845 διελυμήνατοξ
2435 1789 2578 1828 Suid:

114 1864 182 1905 τὰς
205 1866 434 1907 Χαλκιδικὰς
465 1866 593 1907 πόλεις
625 1866 697 1904 δύο
728 1866 792 1901 καὶ
820 1866 1046 1911 τριάκοντα,
1082 1862 1137 1900 οἷν
1164 1863 1378 1909 ἐπρώτευον
1399 1852 1623 1906 Ὀλύνθιοιξ
1650 1858 1771 1897 Dem-
1799 1858 1846 1897 F.
1872 1858 1922 1899 L.
1948 1858 1975 1896 l.
2006 1871 2064 1897 αι
2094 1864 2240 1906 πάντας
2269 1862 2310 1900 δὲ
2340 1863 2575 1910 περιχώρους

251 2039 315 2083 2¹)
347 2035 385 2072 οὶ
406 2033 474 2081 μὲν
496 2036 694 2078 Χαλκιδεῖς
716 2056 769 2078 -χ
783 2057 829 2064 ·-
854 2038 962 2084 (uam
983 2038 1090 2075 urbia
1113 2042 1259 2075 tantam
1282 2038 1477 2075 Chalcidi·
1500 2039 1603 2077 cives
1631 2050 1705 2074 ιιοιι
1728 2050 1812 2074 esse
1842 2039 2113 2085 intelligendos
2143 2043 2249 2084 patet
2277 2049 2323 2074 ex
2353 2038 2384 2081 1,
2410 2040 2476 2083 58)
2509 2038 2573 2073 καὶ

114 2093 192 2138 ἅμα
216 2094 256 2128 αἱ
279 2091 528 2137 πλησιόχωροι
553 2091 678 2133 πόλεις
701 2089 839 2127 αὐτῶν.

251 2152 311 2195 22)
336 2151 374 2185 in
397 2149 610 2184 Chlaeueae
633 2150 801 2185 oratione
824 2149 949 2184 Aetoli
971 2150 1020 2184 ad
1041 2149 1128 2184 Lac.
1153 2149 1298 2184 hahita.

251 2208 312 2253 2³)
346 2206 495 2253 olymp.
534 2206 641 2242 cvn.
674 2208 699 2241 4
731 2209 816 2252 post
850 2206 976 2243 Ziram
1006 2206 1156 2242 demum
1189 2209 1338 2251 captam
1366 2216 1450 2242 eam
1486 2205 1628 2242 factam
1662 2218 1746 2242 esse
1776 2206 1857 2241 sine
1885 2206 2030 2241 ratione
2057 2205 2192 2241 idonea
2219 2205 2396 2242 Flathius
2421 2206 2569 2243 videtur

117 2265 323 2300 coniecisse
345 2265 446 2299 Hist.
470 2265 567 2298 Mac.
592 2264 622 2305 Ι,
646 2275 680 2307 Ρ.
708 2266 785 2297 182.

246 2321 308 2364 2⁴)
334 2321 416 2354 Her.
441 2321 539 2362 VIII,
566 2323 649 2353 127·
674 2314 806 2362 allow*
809 2318 985 2352 Ολννθον
1009 2318 1200 2352 Βοττιαῖοι
1226 2315 1266 2351 ἐκ
1288 2317 1357 2351 τοῦ
1382 2316 1574 2361 Θερμαίου
1595 2317 1739 2353 κόλπου
1762 2315 2031 2361 ἐξαναστάντες
2057 2314 2134 2352 υπὸ
2160 2315 2407 2354 Μακεδόνων.

249 2376 311 2419 2⁵)
347 2376 452 2412 Hera
490 2371 744 2421 (Ἀρτάβαζος)
782 2372 853 2418 τὴν
886 2371 997 2408 πόλιν
1029 2373 1241 2416 παραδιδοῖ
1269 2370 1513 2420 Κριτοβούλῳ
1551 2375 1757 2421 Τορωναίῳ
1790 2372 2051 2418 ἐπιτροπεύειν
2080 2373 2251 2421 καὶτῷ
2274 2377 2566 2425 Χαλκιδικῷ

112 2431 253 2479 γένεϊ.
284 2430 363 2466 καὶ
388 2429 488 2468 οὕτω
503 2428 699 2468 Ὄλυνθον
722 2427 923 2471 Χαλκιδέες
945 2427 1060 2475 ἔσχον.
1108 2430 1208 2466 Hinc
1230 2441 1320 2466 vero
1344 2431 1518 2475 consequi
1541 2431 1581 2465 id
1604 2433 1701 2476 quod
1730 2434 1890 2467 Gatterer
1911 2431 2039 2475 posuit
2064 2444 2099 2475 Ρ.
2125 2433 2212 2465 344:
2236 2432 2478 2473 „Herodotus
2501 2447 2567 2470 no-

112 2493 230 2528 minat
265 2490 379 2526 etiam
409 2493 558 2536 gentem
590 2488 867 2529 chalcidicam,
910 2498 1021 2533 qnam
1050 2488 1195 2523 ratione
1227 2488 1388 2533 quadam
1416 2498 1439 2523 a
1468 2487 1782 2524 Chalcidensibus
1803 2489 1842 2523 h.
1868 2500 1899 2522 e.
1936 2488 2041 2522 urbis
2068 2488 2264 2523 Chalcidis
2287 2489 2565 2527 habitatoribus

111 2547 330 2593 distinguit3
354 2550 481 2580 narrat
504 2547 603 2580 enim
626 2546 744 2590 (VIII,
769 2546 867 2590 127),
892 2544 1159 2578 Chalcidenses
1183 2550 1218 2579 σι
1240 2544 1498 2578 Chalcidicam
1524 2546 1696 2590 gentem,
1721 2541 1922 2584 Χαλκιδέες
1946 2543 2011 2578 καὶ
2035 2544 2093 2590 (2)
2119 2544 2350 2581 Χαλκιδικὸν
2371 2545 2489 2591 γένος,
2514 2549 2563 2584 ab

112 2607 308 2646 Artabazo,
340 2604 541 2638 Persarum
573 2616 676 2649 rege,
710 2604 918 2648 Olynthum
949 2602 1192 2649 obtinuisse“.
1250 2602 1364 2636 Vides
1393 2611 1504 2645 quam
1538 2601 1690 2636 diversa
1718 2602 1786 2635 καί
1817 2603 2004 2645 particula
2032 2604 2128 2636 haec
2161 2604 2209 2635 ab
2242 2603 2313 2637 illa
2342 2604 2402 2638 sit.
2433 2624 2469 2629 —
2501 2605 2559 2639 Cf.

115 2663 221 2698 Tlmc.
244 2662 275 2703 1,
299 2663 356 2695 ⁵8.

244 2717 308 2761 2⁶)
337 2717 444 2752 m.
467 2717 497 2760 1,
520 2719 585 2752 683
618 2714 681 2751 καὶ
705 2712 915 2761 Περδίκκας
943 2715 1070 2751 πείθει
1102 2712 1396 2755 Χαλκιδέας
1424 2712 1494 2755 τὰς
1519 2711 1580 2750 ἐπὶ
1602 2712 1776 2759 θαλάσσῃ
1798 2711 1923 2753 πόλεις
1946 2711 2164 2754 ἐκλιπόντας
2185 2712 2250 2749 καὶ
2272 2705 2560 2763 κατάβαλὸντας

108 2773 375 2811 ἀνοικίσασθαι
398 2769 436 2812 ἐς
449 2768 670 2817 Ὄλυνθον,-
706 2774 798 2819 μιαν
818 2783 857 2807 τε
878 2771 989 2808 πόλιν
1009 2769 1153 2818 ταύτην
1178 2770 1334 2818 ἰσχυρὰν
1354 2769 1607 2817 ποιήσασθαι·
1643 2773 1724 2811 τοῖς
1747 2768 1938 2806 ἐκλιποῦσι
1960 2767 2112 2811 τούτοις
2134 2771 2204 2816 τῆς
2231 2769 2372 2809 ἑαυτοῦ
2396 2774 2466 2819 γῆς
2489 2775 2558 2820 τῆς

47 2868 55 2875 ⁸
109 2830 333 2875 Μνγδονίας
356 2828 441 2873 περὶ
462 2827 535 2873 τὴν
557 2828 705 2876 Βόλβην
726 2830 857 2874 λίμνην
880 2827 992 2863 ἔδωκε
1014 2826 1196 2872 νέμεσθαι
1218 2826 1290 2868 ἕως
1310 2824 1359 2863 ἂν
1382 2824 1403 2862 ὁ
1433 2826 1531 2872 πρὸς
1559 2825 1782 2872 Ἀθηναίους
1807 2826 1968 2871 πόλεμος
2000 2822 2037 2873 ᾗ.
2087 2829 2144 2862 Cf.
2174 2830 2218 2872 V,
2256 2831 2318 2863 18:
2357 2831 2555 2877 Μηκνβερ-

105 2886 238 2928 ναίους
261 2883 303 2922 δὲ
326 2886 392 2932 (ex
416 2885 606 2932 Sithonia)
633 2886 697 2923 καὶ
717 2886 908 2927 Σαναίους
931 2886 1099 2931 (Andriis
1123 2885 1298 2921 oriundo·
1324 2898 1369 2921 ex
1391 2886 1495 2929 Acte,
1521 2886 1615 2921 plut.
1640 2886 1710 2929 Qu.
1736 2886 1801 2920 Gr.
1821 2886 1872 2927 11,
1896 2886 1983 2930 298)
2005 2884 2070 2920 καὶ
2091 2886 2295 2930 Σιγγαίονς
2319 2887 2384 2931 (ex
2408 2889 2555 2923 mediae

106 2944 327 2988 peninsulae
349 2954 416 2980 ora
441 2943 634 2990 orientali)
659 2944 774 2981 οἰκεῖν
797 2942 866 2985 τὰς
886 2940 1013 2983 πόλεις
1033 2940 1103 2984 τὰς
1125 2939 1283 2987 ἑαυτῶν,
1306 2940 1485 2988 καθάπερ
1505 2937 1702 2978 Ὀλύνθιοι
1727 2936 2018 2977 autumem.-
2061 2941 2159 2978 Num
2185 2943 2228 2978 hi
2257 2942 2320 2979 illi
2347 2944 2452 2979 fuere
2475 2944 2550 2989 qui,

109 3009 194 3032 cum
222 3003 375 3043 propter
403 3001 547 3036 bellum
581 3002 740 3048 Olynthi
773 3005 811 3037 et
841 3000 941 3035 circa
968 3000 1114 3034 Bolhen
1145 3001 1271 3036 lacum
1292 3000 1332 3035 in
1355 3000 1623 3046 orynthiorum
1651 2995 1890 3035 fomfflssot
1911 2998 2179 3034 Acanthiorum
2204 2998 2263 3044 (ἵ)
2293 3000 2412 3035 tutela
2433 3000 2551 3036 vixis-

109 3059 204 3096 sent,
229 3058 316 3090 tunc
338 3068 431 3099 pace
453 3060 555 3094 facta
578 3060 726 3094 domum
749 3057 940 3094 redirent?
986 3056 1034 3090 At
1055 3058 1369 3101 Mecybernensea
1393 3061 1537 3101 tantum
1559 3050 1772 3091 Chaldaici
1792 3055 1912 3091 fuisse
1935 3057 2086 3102 generis
2110 3058 2292 3097 videntur,
2317 3057 2400 3090 illic
2423 3061 2550 3092 autem

107 3109 254 3146 nonnisi
277 3110 324 3146 de
347 3110 657 3153 Chalcidensibus
679 3114 848 3163 agitur
866 3126 911 3151 ac
940 3112 1116 3150 nimirum
1141 3109 1559 3150 ‘ilhff‘dictnrfflam
1585 3109 1936 3159 interpretationem
1967 3113 2142 3149 admittit.
2175 3133 2220 3140 —
2253 3114 2351 3149 Dem.
2377 3113 2421 3148 Ε.
2445 3113 2486 3149 Ia.
2512 3126 2547 3159 Ρ.

102 3170 182 3211 425,
210 3170 347 3213 5:263.
373 3188 417 3197 —·
439 3170 496 3207 cf.
523 3174 732 3211 Ruuuhemt.
755 3173 794 3210 in
817 3173 925 3210 Jakni
947 3172 1075 3209 Annal-
1099 3170 1201 3207 Phil.
1224 3170 1290 3215 xl,
1313 3173 1348 3215 2,
1374 3174 1411 3217 Ρ.
1437 3172 1515 3207 134.
