2911 3749
1427 206 1458 236 V

218 360 307 399 set:
337 353 395 398 id
418 349 621 412 quod-in
655 345 851 405 epistola
884 344 944 389 ad
972 342 1248 403 Pompeium
1278 343 1410 400 fecit,
1447 345 1495 389 in
1528 359 1620 403 qua
1648 349 1830 402 partem
1865 343 1997 387 nobis
2026 344 2248 402 reliquam
2278 343 2512 404 desig-nat,
2545 356 2662 401 quae

215 444 284 484 est
316 429 717 483 deDemosthene
750 429 815 489 ⁸).
879 428 1059 474 Deinde
1093 441 1218 482 vero,
1250 426 1302 472 id
1337 427 1465 487 quod
1492 428 1672 472 maioris
1701 435 1771 472 est
1805 427 2038 483 momenti,
2072 442 2189 485 quae
2220 427 2267 471 in
2296 427 2414 471 libro
2447 426 2508 471 de
2537 425 2662 472 Atti-

214 522 280 566 cis·
296 515 541 581 ·s.‚-.priscis
574 513 874 574 scriptoribus
902 517 1031 559 erant
1065 512 1295 571 exposita,
1331 527 1386 557 ea
1412 511 1552 573 longe
1579 513 1667 557 alio
1701 518 1802 558 sunt
1837 511 2027 557 consilio
2057 511 2204 567 edita,
2239 526 2377 570 quam
2406 516 2457 554 ut
2483 510 2662 569 potuis-

213 610 284 650 set
320 606 499 648 auctor.-
517 598 830 661 questionem
859 598 926 644 de
961 596 1215 643 orationum
1258 596 1538 659 singularum
1576 596 1797 642 aetatibus
1843 604 1889 642 et
1929 596 2049 641 veris
2093 593 2495 655 suppositiciisque
2533 593 2660 639 libris

212 692 357 733 totam
383 686 435 731 in
462 699 520 731 eo
539 684 807 731 absolvere.
875 682 999 730 Eum
1026 681 1148 728 enim
1175 681 1343 727 librum
1370 682 1477 728 ideo
1507 682 1751 742 scripserat
1764 714 1778 739 ,
1827 686 1877 726 ut
1917 682 2036 726 inter
2082 681 2299 740 aequales
2336 686 2479 725 artem
2509 684 2664 724 orato·

212 771 330 816 riam
354 775 648 833 promoveret
682 767 753 827 ⁹):
780 767 831 812 id
862 766 990 826 quod
1020 765 1355 826 quaestionibus
1391 766 1452 811 de
1478 766 1734 812 orationum
1766 766 2052 825 temporibus
2088 764 2342 825 propositis
2379 765 2530 822 deque
2565 763 2661 807 sin-

210 853 421 914 gularum
451 852 715 901 auctoribus
749 865 842 895 non
873 850 1037 909 potuit.
1105 851 1169 896 At
1196 862 1367 906 nonne,
1403 850 1492 907 ais,
1530 850 1579 897 in
1608 850 1777 909 Lysiae
1806 850 1898 893 vita
1930 849 2094 904 habet,
2131 863 2249 908 quae
2281 848 2342 892 ad
2378 847 2493 891 illud
2522 861 2662 907 argu—

206 941 408 982 mentum
441 934 729 995 pertineant?
795 934 952 980 Habet
983 933 1197 994 profecto
1234 936 1250 958 ¹
1263 933 1331 993 ⁰):
1382 933 1465 979 sed
1498 934 1583 990 ita,
1634 939 1685 978 ut
1725 949 1863 993 quam
1904 933 2149 977 maximum
2185 938 2368 976 nostrae
2414 931 2661 975 sententiae

211 1018 376 1064 affemt
418 1018 745 1064 fiilcimentum.
812 1018 1120 1078 Posteaquam
1166 1000 1285 1063 enim
1331 1018 1391 1062 de
1425 1018 1584 1078 paucis
1629 1017 1800 1076 Lysiae
1836 1017 2142 1072 orationibus,
2196 1032 2308 1075 quas
2346 1029 2437 1060 non
2473 1029 2572 1059 esse
2601 1014 2660 1058 ab

207 1102 809 1162 illorprofectasrcensebat,
837 1102 1014 1148 'locutus
1049 1103 1221 1160 fuerat,
1255 1101 1327 1147 his
1356 1102 1417 1146 de
1449 1102 1586 1146 rebus
1622 1102 1712 1145 alio
1747 1102 1851 1146 loco
1881 1100 2013 1146 latius
2049 1116 2149 1146 sese
2177 1100 2488 1160 expositurum
2519 1096 2659 1157 polli-

209 1193 359 1241 cetur,
402 1186 708 1245 celeriterque
744 1201 801 1231 eo
842 1202 894 1231 se
927 1188 1116 1244 recipit,
1162 1186 1286 1231 unde
1322 1185 1564 1246 digressus
1593 1186 1744 1229 hietat
1778 1189 1793 1208 ¹
1807 1185 1869 1242 ¹).
1935 1185 2239 1243 Eandemque
2282 1183 2425 1228 tenuit
2470 1182 2530 1226 de
2561 1181 2657 1226 De·

209 1267 716 1314 mostheneaationem.
787 1269 900 1314 Sese
932 1269 1122 1324 hahere,
1153 1250 1277 1327 quae
1305 1267 1517 1327 proferre
1550 1268 1714 1328 possit,
1745 1268 1968 1326 patefacit
2001 1270 2016 1291 ¹
2030 1267 2098 1326 ῆς
2131 1267 2214 1312 sed
2241 1266 2365 1311 aliud
2398 1266 2443 1310 in
2476 1272 2657 1325 tempus

204 1358 347 1396 totam
374 1353 686 1410 quaestionem
711 1352 864 1410 refert.
909 1352 1221 1407 Quamobrem
1254 1352 1339 1397 nisi
1370 1351 1561 1414 egregie
1594 1351 1744 1407 fallor,
1777 1351 1895 1396 liber
1928 1351 1976 1395 in
2009 1350 2244 1396 Dinarcho
2281 1350 2438 1395 citatus
2467 1364 2558 1394 non
2588 1357 2657 1394 est

205 1436 264 1490 is,
319 1450 456 1493 quem
488 1436 549 1479 de
580 1436 741 1490 Anicis
775 1436 1028 1480 oratoribus
1060 1435 1241 1480 edidit.
1286 1436 1481 1499 Accedit
1510 1442 1663 1481 autem
1692 1436 1780 1480 alia
1818 1451 1977 1479 caussa
2011 1450 2156 1494 eaque
2193 1449 2284 1479 non
2311 1434 2459 1479 minus
2492 1433 2656 1493 gravis.

203 1518 327 1562 Nam
345 1516 572 1578 inipsiu
586 1518 733 1563 libelli
758 1520 819 1563 de
836 1520 999 1565 Atticis
1029 1534 1065 1563 s.
1098 1519 1261 1579 priscis
1296 1518 1551 1564 oratoribus
1585 1534 1705 1579 quae
1734 1525 1946 1583 superest
1973 1518 2212 1578 particula,
2248 1517 2309 1562 ad
2343 1534 2397 1562 ea
2426 1518 2657 1578 legentem

203 1601 365 1658 mittitq
391 1602 612 1660 quamde
638 1602 850 1663 genuinis
883 1603 1010 1647 libris
1043 1602 1300 1662 spurilsque
1332 1603 1395 1646 ad
1420 1603 1780 1647 Demosthenem
1806 1603 1959 1646 relatis
1993 1603 2197 1661 disputet
2229 1602 2358 1654 alibi3
2390 1608 2436 1644 et
2467 1608 2517 1645 ut
2542 1599 2655 1644 mihi

204 1677 390 1742 quidem
417 1684 627 1741 videtur,
657 1685 942 1744 apertissime
976 1685 1201 1746 designat,
1236 1686 1327 1730 alio
1354 1699 1543 1744 prorsus
1575 1685 1696 1729 libro
1725 1685 1785 1729 de
1816 1685 1905 1728 hac
1936 1700 2036 1728 sese
2071 1700 2228 1728 caussa
2263 1684 2525 1743 exposuisse
2565 1688 2579 1708 ¹
2594 1684 2655 1741 ³),

200 1765 292 1810 hoc
314 1772 480 1813 ,autem
501 1767 619 1827 ipso?
641 1767 760 1812 illud
786 1757 1104 1830 argumentum
1132 1784 1218 1814 nec
1249 1769 1499 1814 absolvisse
1538 1784 1624 1813 nec
1648 1769 1854 1827 potuisse
1884 1769 2136 1813 absolvere.
2173 1769 2305 1823 Quae
2339 1768 2375 1812 si
2411 1782 2517 1812 vere
2552 1774 2654 1812 sunt

202 1838 467 1908 disputauJ
480 1851 620 1896 siml
635 1852 949 1911 -perspicuum
984 1858 1075 1907 est,
1112 1865 1203 1910 quo
1237 1852 1295 1895 sit
1326 1855 1536 1910 tempore
1563 1852 1683 1895 liber
1714 1868 1742 1894 a
1773 1851 1995 1909 Dionysio
2033 1852 2250 1910 scriptus3
2280 1859 2349 1895 est
2384 1851 2503 1896 enim
2536 1850 2654 1895 inter

248 1953 271 1987 ’-
338 1958 377 2002 ι)
411 1958 479 2002 Ep.
505 1958 554 1992 ad
576 1957 745 2002 Pompej.
773 1958 819 1992 de
842 1958 999 1993 Platone
1021 1970 1057 2003 p.
1082 1962 1151 1993 ⁷58
1174 1959 1222 1994 R.
1268 1960 1312 1994 In
1334 1960 1467 2004 primis
1504 1961 1777 1996 observandum
1803 1965 1878 2003 est,
1918 1961 1980 1995 his
2015 1973 2122 1995 usum
2156 1973 2238 1996 esse
2268 1961 2491 2006 Dionysium
2524 1963 2650 1996 verbis

200 2012 268 2058 „gv
291 2014 338 2061 τῇ
369 2013 454 2060 περὶ
483 2011 754 2059 Δημοσθένους
782 2015 939 2062 ’γραφῇ“
969 2028 990 2051 e
1021 2015 1156 2068 quibus
1188 2016 1281 2052 solis
1313 2016 1417 2051 effici
1448 2017 1616 2060 videtur,
1654 2018 1886 2063 peculiarem
1918 2019 2017 2053 hunc
2052 2018 2172 2053 fuisse
2203 2018 2398 2060 libellum,
2442 2019 2488 2053 ab
2518 2018 2650 2053 Atticis

203 2072 416 2108 oratoribus
441 2072 640 2107 diversum.
690 2071 863 2107 Ceterum
889 2073 1020 2108 eadem
1045 2073 1189 2109 ratione
1212 2073 1378 2119 loquitur
1401 2073 1440 2108 in
1465 2073 1625 2119 epistola
1649 2076 1697 2111 ad
1719 2076 1836 2111 Amm.
1860 2077 1982 2110 altera
2005 2087 2040 2121 p.
2067 2079 2144 2109 788.

292 2141 294 2143 ’
338 2130 376 2173 ⁹)
400 2129 525 2163 Pmef.
549 2129 602 2162 aff
619 2127 737 2162 Amm.
765 2140 800 2172 p.
825 2130 895 2161 4⁵0
915 2130 960 2162 R.
995 2126 1062 2170 ,ἐξ
1093 2125 1146 2162 ὦν
1178 2126 1211 2162 δ’
1236 2126 1283 2163 ἄν
1307 2128 1360 2163 ἔτι
1380 2129 1489 2180 μείζοο
1511 2128 1621 2176 λάβοι
1644 2130 1691 2165 τὰ
1714 2132 1906 2174 κρείττονα
1942 2129 2066 2173 ἰσχύν,
2107 2132 2228 2165 ταῦτα
2260 2131 2485 2175 πειράσομαι
2521 2130 2646 2174 λέγειν,

198 2184 384 2222 ὑπόθεσιν
406 2185 475 2221 τοῦ
496 2182 608 2228 λόγου
629 2182 765 2228 κοινὴν
786 2183 850 2219 καὶ
873 2182 1145 2236 φιλάνθρωπον
1166 2184 1231 2221 καὶ
1252 2187 1406 2230 πλεῖστα
1429 2183 1643 2230 δυναμένην
1666 2183 1858 2231 ὠφελῆσαι
1882 2185 2019 2233 λαβών·
2046 2185 2122 2223 ἔστι
2146 2183 2178 2222 δ’
2203 2184 2288 2233 ἤδη,
2314 2189 2412 2228 τίνες
2437 2187 2529 2223 εἰσὶν
2547 2183 2647 2230 ἀξιο-

198 2240 404 2289 λογώτατοι
433 2240 512 2294 ,τῶν
546 2235 711 2285 ἀρχαίων
741 2237 912 2286 ῥητόρων
943 2252 982 2277 τε
1013 2239 1076 2276 καὶ
1107 2239 1350 2287 ουγγραφέων
1378 2241 1442 2278 καὶ
1475 2242 1573 2283 τίνες
1603 2238 1728 2278 αὐτῶν
1763 2240 1931 2288 ἐγένοντο
1965 2241 2200 2288 προαιρέσεις
2227 2244 2295 2279 τοῦ
2319 2256 2357 2279 τε
2382 2245 2467 2291 βίου
2491 2243 2555 2278 καὶ
2579 2242 2648 2278 τοῦ

198 2297 329 2344 λόγου,
354 2297 417 2334 καὶ
440 2297 478 2333 τί
498 2292 585 2342 παρ’
610 2293 767 2332 ἑκάστου
792 2297 850 2332 δεῖ
870 2295 1091 2344 λαμβάνειν,
1117 2293 1143 2344 ἦ
1167 2296 1438 2344 φυλάττεσθαι·
1462 2298 1526 2334 καὶ
1549 2297 1783 2344 θεωρήματα
1807 2298 1869 2334 καὶ
1894 2295 2080 2344 ἀναγκαῖα
2105 2303 2183 2340 τοῖς
2209 2296 2389 2336 ἀκούουσι
2414 2300 2483 2346 τὴν
2508 2303 2645 2334 πολιτι-

149 2366 153 2369 ·
199 2354 272 2401 κήν
296 2355 529 2400 φιλοσοφίαν
549 2352 641 2389 ειιαὶ66
668 2357 754 2388 cett.

339 2415 397 2460 ¹9)
424 2424 504 2457 cap.
528 2412 601 2445 ΧΠ
624 2423 659 2456 p.
684 2413 751 2444 477
768 2413 898 2445 —481.

261 2504 263 2506 ,
337 2471 349 2491 ¹
364 2469 396 2511 ¹)
421 2481 456 2512 p.
480 2470 558 2503 481.
595 2460 696 2509 ,ἀλλ’
719 2461 813 2510 ὑπὲρ
836 2462 903 2510 μὲν
925 2463 1070 2501 τούτων
1093 2464 1255 2513 ἑτέρωθι
1278 2464 1539 2512 δηλωθήσεται
1565 2466 1630 2503 διὰ
1659 2467 1852 2505 πλειόνων.
1900 2465 2111 2506 Ἀνιτέον
2146 2468 2209 2514 δὲ,
2255 2468 2371 2506 ὅθεν
2406 2467 2644 2517 ἐξέβημεν

197 2524 264 2565 εἰς
292 2523 486 2559 ταῦτα.“
510 2537 543 2570 p.
568 2526 637 2559 485
660 2518 757 2567 „min
780 2519 849 2566 ἔχω
872 2520 1009 2567 καιρὸν
1032 2520 1072 2557 ἐν
1090 2523 1142 2570 τῷ
1165 2522 1327 2570 παρόντι
1349 2522 1456 2572 λόγῳ·
1482 2524 1585 2559 ἰδίαν
1608 2523 1647 2560 δὲ
1672 2526 1753 2571 περὶ
1779 2526 1846 2561 τοῦ
1872 2524 2033 2572 ῥήτορος
2057 2529 2315 2572 πραγματείαν
2339 2525 2644 2569 συνταττόμενος,

197 2580 236 2616 ἐν
261 2576 287 2627 ᾖ
311 2578 357 2615 τά
379 2591 417 2615 τε
442 2576 533 2615 ἄλλα
556 2578 821 2626 δηλωθήσεταί
840 2589 926 2622 μοι,
959 2578 1023 2613 καὶ
1046 2579 1142 2620 τίνες
1167 2580 1259 2615 εἰσὶν
1281 2577 1399 2615 αὐτοῦ
1429 2579 1531 2625 λόγοι
1563 2580 1730 2627 γνήσιοι,
1774 2582 1843 2627 τὴν
1869 2580 2062 2629 ἀκριβείαν
2087 2583 2126 2617 ἐν
2161 2583 2316 2624 ἐκείνοις
2339 2585 2401 2618 καὶ
2428 2584 2510 2627 περὶ
2535 2582 2644 2615 τοῦδε

196 2635 410 2673 ἀποδοῦναι
432 2636 658 2682 πειράσομαι
678 2636 747 2672 τοῦ
770 2633 892 2681 λόγου.
943 2634 1044 2671 Νυνὶ
1073 2633 1114 2671 δὲ
1146 2636 1232 2681 περὶ
1263 2638 1340 2672 τῶν
1365 2636 1451 2682 ἑξῆς
1475 2635 1708 2683 διαλέξομαι,
1743 2639 1800 2680 τίς
1823 2637 1843 2675 ὁ
1868 2640 2124 2685 πραγματικός
2150 2639 2224 2676 ἐστι
2250 2643 2390 2676 Λυσίου
2412 2638 2644 2685 χαρακτήρ.“

195 2695 272 2730 Nec
296 2695 565 2741 negligendum
588 2700 656 2736 est,
683 2704 728 2728 ea
751 2694 875 2727 omnia
900 2693 1053 2739 Dionys.
1080 2694 1118 2728 in
1141 2695 1267 2739 priore
1288 2698 1393 2740 perte
1418 2695 1589 2740 tetigisse
1615 2699 1937 2734 commentationis
1952 2725 1961 2740 ,
2002 2712 2071 2733 non
2098 2700 2133 2733 in
2160 2700 2385 2743 posteriore,
2410 2709 2483 2742 qun
2508 2698 2555 2732 ad
2582 2709 2641 2731 re·

196 2763 280 2787 rum
303 2752 563 2786 tractationem
586 2750 732 2785 transit.
779 2750 957 2793 Sequitur
980 2751 1078 2785 enim
1102 2751 1209 2794 inde,
1249 2755 1291 2785 ut
1324 2752 1423 2785 idem
1454 2764 1540 2786 eum
1565 2752 1604 2786 in
1631 2754 1882 2789 Demosthene
1908 2757 2095 2790 facturum
2119 2756 2239 2789 fuisse
2263 2757 2483 2790 sumendum
2513 2756 2640 2790 videa-

197 2815 267 2843 tur.
316 2808 372 2842 De
409 2808 637 2852 temporibus
666 2810 793 2842 autem
824 2806 1060 2852 singularum
1091 2808 1301 2843 orationum
1331 2808 1370 2843 in
1391 2807 1508 2854 Lysia
1531 2821 1604 2844 non
1628 2809 1725 2856 egit,
1766 2823 1832 2845 nec
1857 2812 1896 2846 in
1924 2812 2030 2847 Isaeo
2053 2824 2121 2847 nec
2146 2812 2184 2846 in
2209 2812 2387 2847 Isocrate..
2435 2812 2542 2848 Nihil
2566 2812 2638 2847 sibi

197 2865 401 2911 proposuit,
425 2864 502 2899 nisi
522 2865 733 2900 orationum
754 2862 994 2908 χαρακτῆρας
1017 2864 1241 2908 describere,
1268 2864 1430 2909 quidque
1452 2866 1504 2900 sit
1527 2866 1566 2901 in
1590 2867 1638 2902 iis
1663 2869 1822 2903 maxime
1847 2868 2057 2903 imitatione
2079 2869 2235 2915 dignum
2260 2870 2436 2905 indicare.

336 2923 395 2966 ¹2)
421 2923 467 2957 de
490 2922 585 2956 adm.
609 2921 650 2957 vi
671 2920 862 2956 Demosth.
887 2932 922 2965 p.
949 2923 1039 2955 1095
1067 2919 1239 2964 ,,πάντας
1275 2919 1345 2967 γὰρ
1378 2919 1487 2966 ἔγωγε
1513 2921 1606 2963 τοὺς
1638 2919 1942 2968 ἀναφερομένους
1970 2924 2022 2966 εἰς
2056 2921 2174 2962 αὐτὸν
2199 2923 2415 2971 ἀλλοτρίους
2442 2924 2537 2962 εἶναι
2562 2927 2636 2960 πεί-

197 2980 318 3023 θομαι
344 2997 380 3005 -
411 2998 448 3005 -
483 2975 574 3018 τὰς
597 2975 651 3012 δὲ
674 2974 781 3021 περὶ
807 2974 995 3011 τούτων
1017 2972 1309 3020 ἀποδείξεις
1335 2974 1416 3023 οὐχ
1440 2973 1592 3019 οὗτος
1628 2976 1649 3013 ὁ
1681 2978 1857 3024 καιρὸς
1888 2980 2084 3025 λέγειν“
2118 2995 2152 3028 p.
2180 2988 2269 3018 1126
2296 2985 2358 3026 „sl
2385 2982 2511 3028 μέντοι
2547 2982 2637 3016 ἔνιοι

195 3034 497 3080 ψευδεπίγραφοι
520 3034 590 3070 εἰσι
612 3031 716 3078 λόγοι
739 3028 869 3077 ἀηδεῖς
895 3052 931 3059 -
960 3030 1010 3067 ἐν
1036 3031 1179 3081 ἑτέρᾳ
1203 3034 1470 3079 δηλοῦνταί
1490 3047 1575 3079 μοι
1597 3037 1910 3084 πραγματείᾳ
1933 3038 1985 3083 τῇ
2010 3039 2124 3082 περὶ
2146 3040 2467 3085 Δημοσθένη.“

335 3092 395 3134 ¹³)
419 3103 454 3135 p.
483 3094 594 3133 1126,
634 3094 709 3125 not.
737 3093 782 3124 12
813 3090 947 3131 citato,
983 3090 1048 3124 ubi
1074 3102 1158 3125 cum
1184 3091 1389 3125 editoribus
1413 3092 1654 3136 Becker-oque
1678 3093 1766 3127 dedi
1792 3105 1812 3127 e
1838 3094 1965 3128 codice
1989 3095 2195 3130 Bodleiano
2221 3098 2265 3142 τῇ
2290 3096 2372 3141 περὶ
2394 3094 2633 3141 Δημοσθένη.

195 3149 254 3184 lta
273 3146 399 3183 aetem
423 3158 496 3183 non
519 3150 620 3184 emt
649 3148 800 3183 locutus
833 3148 867 3183 si
899 3148 1059 3183 alteram
1080 3147 1263 3182 voluisset
1287 3148 1503 3194 significum
1526 3148 1641 3183 huius
1666 3148 1787 3194 ipsius
1811 3150 2133 3187 commentationis
2158 3154 2391 3198 particulam.
2440 3155 2508 3190 Eut
2532 3157 2636 3192 aliud

195 3217 300 3250 opus,
324 3204 422 3249 quod
447 3204 494 3239 de
517 3205 768 3242 Demosthene
792 3208 833 3240 ut
858 3206 905 3240 de
928 3202 1055 3251 Lysia,
1082 3205 1291 3249 scripturus
1314 3209 1407 3247 erat,
1431 3206 1533 3240 haud
1558 3206 1702 3243 incerte
1726 3207 1774 3241 ab
1798 3219 1842 3242 eo
1868 3208 2132 3254 significatum.
