2911 3749
1385 281 1451 309 vn

206 420 391 476 stolam,
424 419 554 463 nobis
597 415 783 475 quidem
815 416 996 461 maximi
1025 416 1351 464 aestimandam
1385 421 1398 440 ¹
1413 417 1481 475 ⁹),
1518 418 1626 475 quia
1660 417 1834 475 reliqua
1864 416 2048 474 scripta,
2081 422 2295 473 quantum
2328 416 2388 458 ad
2420 414 2635 457 Demost-

200 505 365 548 henem
398 499 640 560 pertinent,
680 498 784 544 sunt
819 514 987 561 magna
1021 506 1153 560 parte
1193 501 1381 554 anfissa3
1418 501 1543 559 apud
1576 507 1748 544 veteres
1779 507 1929 544 autem
1963 513 2054 543 non
2087 497 2289 557 potuisse
2323 497 2433 540 tanti
2460 494 2635 539 haberi.

203 585 431 643 Quoniam
461 583 583 627 enim
612 582 672 627 de
704 582 1015 628 Demosthene
1042 582 1153 629 alibi
1179 583 1318 642 idque
1351 583 1601 628 accuratius
1635 589 1731 626 erat
1765 583 1966 627 locutus:
2000 581 2129 639 prior
2159 579 2236 624 illa
2265 577 2637 625 commentatiun-

201 669 313 714 cula-
328 665 505 728 negligi
532 669 715 726 poterat
748 665 808 712 ab
849 680 929 722 eo,
982 664 1064 726 qui
1090 664 1152 712 de
1182 656 1503 727 Demosthenis
1533 664 1808 710 orationibus
1839 665 2031 726 agebat,
2079 679 2170 722 qua
2201 661 2314 707 nihil
2349 661 2432 707 nisi
2460 660 2637 706 Aristo—

200 750 301 796 telis
336 748 625 809 disciplinam
659 764 688 794 a
713 748 1023 795 Demosthene
1051 748 1303 808 prohibere
1337 735 1522 794 conatus
1558 749 1718 795 fuerat.
1787 750 1938 807 Atque
1974 748 2140 806 opinor
2168 746 2396 805 equidem,
2430 744 2507 788 ubi
2525 742 2640 787 Dio-

198 833 317 891 nysii
350 832 570 877 sententia
602 832 920 892 impugnatur,
962 832 1010 876 in
1036 839 1191 877 nostro
1225 847 1407 892 quoque
1432 834 1550 877 libro
1586 831 1852 889 conspicua,
1895 846 1985 875 non
2018 830 2165 883 hunc,
2207 828 2291 873 sed
2322 829 2458 872 alium
2495 826 2637 886 signi-

197 915 337 960 ficari‘
355 916 541 961 solere.⁴
581 915 652 960 Ita
683 913 1005 961 Demosthenis
1038 916 1289 962 orationem
1321 916 1517 976 primam
1545 916 1590 959 in
1625 914 1895 973 Philippum
1927 914 2131 959 habitam
2164 914 2210 957 in
2243 912 2334 956 hac
2368 910 2561 969 epistola
2595 910 2639 951 in

197 999 310 1045 duas
344 997 583 1057 separavit.
608 988 706 1056 ²⁸⁰).
765 997 991 1058 Ulpianus
1025 1006 1177 1044 autem
1204 1000 1284 1045 ubi
1318 998 1411 1043 hoc
1441 999 1639 1043 refutare
1671 999 1844 1051 studet,
1899 1004 2056 1056 aperte
2097 998 2155 1040 ad
2201 997 2338 1040 alium
2375 992 2639 1053 provocavit

196 1082 364 1127 librum
403 1082 491 1140 ²¹).
559 1082 691 1127 Haec
722 1080 807 1127 nisi
840 1081 977 1126 fallor
1013 1098 1169 1128 caussa
1201 1099 1301 1128 esse
1335 1083 1510 1142 potuit,
1541 1082 1668 1141 quod
1704 1097 1819 1140 quae
1850 1080 1939 1124 hac
1971 1082 2017 1124 iu
2049 1081 2243 1139 epistola
2277 1091 2639 1122 commemoran-

202 1171 289 1221 tur,
325 1165 362 1209 si
395 1163 751 1210 Demosthenem
779 1171 1010 1225 spectant,
1054 1166 1163 1220 alibi
1203 1181 1425 1225 nusquam
1469 1164 1672 1209 citantur.
1741 1163 1949 1208 Nascitur
1993 1170 2144 1207 autem
2191 1162 2322 1206 simul
2368 1160 2639 1208 coniectura,

203 1248 323 1293 hanc
354 1262 454 1292 rem
485 1236 594 1293 alibi
636 1263 726 1293 non
762 1263 861 1293 esse
904 1249 1189 1307 propositam
1232 1265 1260 1292 a
1299 1247 1548 1307 Dionysi03
1596 1261 1687 1291 non
1726 1247 2001 1307 argumentis
2044 1246 2308 1305 probatam:
2355 1259 2446 1288 non
2484 1249 2639 1286 contra

198 1330 388 1375 aliorum
420 1329 588 1374 iudicia
622 1330 869 1375 defensam.

331 1431 335 1434 ’
398 1415 462 1459 At
491 1414 529 1457 si
558 1414 649 1458 iam
681 1413 742 1458 de
768 1414 865 1459 fide
897 1414 1030 1460 huius
1067 1416 1286 1474 epistolae
1327 1416 1581 1475 quaerimus
1594 1446 1607 1471 ,
1664 1415 1902 1476 negligere
1931 1428 2022 1458 non
2061 1414 2303 1469 debemus,
2356 1411 2482 1471 quod
2524 1424 2639 1469 quae

200 1496 260 1541 de
292 1496 623 1542 Demosthenis*
649 1497 742 1542 vita
764 1513 794 1542 a
825 1498 1046 1558 Dionysio
1084 1499 1353 1554 referuntur,
1380 1513 1472 1543 non
1499 1498 1632 1543 huius
1668 1499 1826 1543 studiis
1859 1504 1936 1542 aut
1971 1497 2251 1558 diligentiae,
2285 1497 2368 1542 sed
2395 1493 2640 1539 historico-

196 1595 297 1623 rum
329 1586 534 1624 veterum
569 1581 697 1625 libris
743 1586 934 1641 accepta
967 1581 1204 1625 debentur.
1272 1583 1389 1626 Nam
1424 1582 1668 1641 Dionysius
1705 1588 1864 1642 aperte
1896 1581 2161 1641 profitetur,
2203 1595 2302 1625 sese
2338 1580 2399 1624 ad
2434 1590 2639 1622 caussam

199 1677 326 1706 suam
363 1663 727 1720 defendendam,
778 1678 834 1710 ex
876 1663 930 1708 iis
969 1663 1221 1720 historicis,
1272 1665 1351 1724 qui
1388 1665 1629 1714 illustrium
1666 1664 1867 1708 virorum
1903 1664 2016 1708 vitas
2056 1664 2303 1708 memoriae
2338 1659 2640 1722 prodiderint,

201 1760 319 1805 quae
346 1744 407 1790 ad
444 1739 545 1791 rem
584 1745 846 1795 necessaria
874 1745 990 1803 sint,
1044 1747 1164 1792 velle
1192 1747 1412 1810 colligere
1451 1746 1539 1808 ²²).
1607 1748 1769 1808 Neque
1796 1746 1846 1792 id
1879 1746 1974 1792 sine
2004 1745 2177 1793 ratione
2206 1745 2322 1792 iusta
2354 1745 2516 1792 fecisse
2551 1757 2642 1805 pu·-

198 1829 376 1873 tandus·
405 1836 500 1885 est',
547 1830 656 1889 quia
687 1831 727 1875 si
757 1838 877 1889 quae
910 1829 987 1874 alii
1019 1830 1110 1875 iam
1141 1830 1469 1891 indagaverant
1482 1863 1496 1886 ‚
1528 1830 1581 1874 iis
1608 1830 1675 1875 uti
1705 1836 1912 1889 poterat,
1945 1836 2089 1874 totam
2119 1830 2557 1889 argumentationem
2586 1842 2641 1871 eo

197 1912 436 1957 certiorem
466 1912 586 1960 'fieri
618 1912 804 1979 sciehat.
830 1920 836 1957 ,’
871 1912 1004 1968 Quae
1043 1912 1123 1970 qui
1156 1912 1383 1971 reputavit
1396 1945 1410 1968 ‚
1460 1928 1551 1957 non
1580 1918 1735 1971 potest
1768 1918 1963 1970 propter
1998 1927 2164 1955 annum
2195 1912 2393 1957 natalem
2421 1911 2540 1956 male
2568 1911 2640 1954 iu-

197 1994 397 2039 dicatum
423 2007 509 2038 nec
543 1993 605 2038 ob
639 1991 809 2038 similes
834 2000 1014 2039 caussas
1048 1986 1172 2038 hunc
1205 1993 1547 2054 reprehendere
1581 1994 1712 2039 velle.
1783 1994 1834 2039 Si
1869 2001 2065 2038 erratum
2102 1977 2441 2055 cognoscimus,
2497 1992 2547 2037 id
2579 1992 2641 2036 ad

198 2078 290 2122 eius
326 2076 475 2122 fontes
510 2075 838 2131 referendum.
867 2085 1060 2135 quorum
1094 2092 1186 2122 non
1219 2093 1392 2136 paucos
1421 2078 1481 2122 de
1515 2077 1827 2122 Demosthene
1863 2077 2083 2129 extitisse,
2139 2079 2229 2135 ipsi
2270 2079 2495 2122 credimus
2550 2077 2639 2133 23).

200 2160 304 2204 Non
332 2159 513 2203 affirmo
541 2164 735 2212 tamen,
762 2156 941 2218 singula
974 2172 1183 2217 quaeque
1218 2160 1279 2203 ad
1313 2167 1487 2203 veteres
1516 2160 1618 2203 illos
1655 2160 1900 2218 scriptores
1937 2175 2035 2203 esse
2071 2160 2358 2205 referendos:
2404 2161 2510 2221 quia
2541 2159 2640 2204 fieri

199 2248 407 2303 poterat,
441 2248 492 2286 ut
525 2247 602 2286 aut
636 2255 789 2285 errore
822 2240 984 2286 ductus
1001 2247 1096 2296 'aut
1129 2256 1260 2286 suum
1292 2243 1524 2287 arbitrium
1560 2250 1738 2287 secutus
1780 2243 1919 2287 tacito
1967 2243 2055 2286 alia
2096 2245 2430 2298 commisceret;
2477 2257 2639 2302 quam-

199 2331 337 2384 quam
365 2340 482 2383 quae
517 2324 604 2368 sint
643 2324 723 2368 illa
755 2323 815 2369 ab
847 2323 951 2381 ipso
993 2323 1153 2368 addita
1204 2324 1358 2369 dicere
1398 2332 1523 2369 certo
1566 2326 1641 2369 vix
1683 2326 1843 2384 aliquis
1888 2327 2153 2370 nostratium
2197 2328 2379 2385 poterit.
2450 2326 2640 2371 Constat

198 2408 352 2469 igitur,
384 2408 560 2452 nonita
593 2422 731 2466 posse
763 2411 920 2451 contra
951 2405 1080 2450 illum
1110 2406 1278 2451 librum
1306 2408 1550 2466 disputari,
1589 2415 1639 2451 ut
1668 2409 1829 2466 aliquis
1860 2408 2131 2465 Dionysium
2162 2411 2472 2471 negligentem
2500 2409 2640 2452 fuisse

197 2491 431 2536 hominem
459 2490 751 2550 demonstret.
820 2488 974 2544 Quare
1001 2488 1093 2532 iam
1127 2488 1303 2534 dudum
1336 2490 1537 2534 mirabar
1571 2489 1888 2546 vehementer,
1945 2507 2024 2534 cur
2053 2492 2131 2550 qui
2167 2493 2226 2536 de
2260 2491 2640 2551 Olynthiacarum

199 2574 452 2619 orationum
484 2572 644 2617 ordine
676 2559 960 2634 disputarent
986 2586 1142 2616 omnes
1173 2587 1312 2616 unum
1344 2573 1406 2617 ad
1438 2573 1731 2631 Dionysium,
1777 2580 2009 2633 tamquam
2044 2581 2122 2619 aut
2156 2576 2217 2620 ad
2255 2582 2486 2621 auctorem
2533 2588 2639 2619 suae

197 2657 445 2703 sententiae
484 2657 762 2718 locupletem
800 2662 877 2700 aut
918 2655 980 2700 ad
1015 2653 1324 2702 adversarium
1369 2671 1542 2700 summa
1576 2663 1622 2700 et
1654 2656 1889 2701 doctrinae
1928 2658 2063 2717 copia
2111 2665 2156 2702 et
2190 2659 2234 2701 vi
2277 2659 2446 2718 ingenii
2484 2658 2638 2716 impu—

200 2740 436 2801 gnandum
467 2739 863 2801 superandumque
897 2745 1212 2799 provocarent.
1271 2739 1393 2785 Illud
1428 2739 1547 2783 enim
1581 2739 1781 2798 primum
1813 2742 2106 2798 perspicuum
2129 2741 2242 2785 mihi
2264 2757 2362 2786 esse
2383 2741 2638 2798 videbatur,

335 2852 396 2897 1⁹)
422 2852 489 2886 cfr.
521 2853 652 2888 Weisk.
677 2852 716 2886 in
739 2851 828 2886 diss.
850 2851 896 2885 de
918 2851 1085 2897 Hyperb-
1109 2851 1150 2887 Ρ.
1175 2852 1207 2895 1,
1231 2863 1268 2897 p.
1291 2853 1349 2893 40,
1375 2850 1436 2885 cui
1455 2850 1661 2886 subscribit
1678 2851 1983 2886 Westermannns
2005 2864 2111 2887 meus
2135 2864 2221 2900 pag.
2246 2857 2280 2889 7.

335 2909 397 2953 20)
424 2921 460 2953 ρ.
483 2911 563 2943 rar.

330 2965 392 3010 2¹)
418 2977 454 3010 p.
478 2968 548 3001 268
569 2965 626 3000 ed.
650 2966 763 3001 wolf.
788 2960 994 3008 ,ἐντεῦθέν
1017 2974 1112 3009 φησι
1134 2962 1339 3004 Διονύσιος
1369 2959 1390 2999 ὁ
1422 2959 1723 3009 Ἁλικαρνασσεὺς
1756 2962 1886 3009 ἑτέρου
1917 2964 2028 3011 λόγου
2061 2963 2159 3002 εἶναι
2193 2963 2334 3012 ἀρχήν,
2376 2970 2575 3013 προοίμιον
2598 2968 2641 3004 δέ

193 3031 327 3066 φησιν,
354 3017 425 3057 οὐκ
451 3019 536 3067 ἔχει,
561 3018 690 3067 ἐπειδὴ
715 3020 972 3067 δευτερολογία
995 3017 1111 3064 ἐστὶν,
1136 3018 1177 3056 ἐν
1199 3018 1261 3061 αἱς
1285 3016 1337 3061 ὥς
1360 3018 1420 3055 ἐπὶ
1443 3020 1487 3056 τὸ
1511 3022 1683 3056 πλεῖστον
1706 3016 1776 3056 οὐκ
1800 3019 1877 3057 ἔστι
1899 3023 2093 3067 προοίμια·
2127 3019 2171 3058 οὐ
2195 3021 2289 3067 λέγει
2309 3021 2350 3059 δὲ
2375 3022 2528 3070 ἀληθῆ(
2551 3032 2638 3062 cett.

330 3077 392 3122 22)
415 3090 453 3122 1¹,
476 3082 545 3113 ⁷23
568 3091 644 3124 seq.
670 3075 839 3122 „dva'erxn
862 3073 896 3112 δ’
920 3076 1009 3117 ἴσως
1032 3077 1194 3121 πρῶτον,
1216 3073 1291 3111 '3⁶oe
1311 3074 1526 3123 παρέλαβον
1549 3075 1589 3112 ἐκ
1612 3078 1689 3112 τῶν
1710 3078 1850 3112 ιοινῶν
1873 3078 2060 3125 ἱστοριῶν,
2086 3077 2131 3120 ἃς
2155 3078 2354 3115 κατέλιπον
2378 3079 2465 3126 ἡμῖν
2489 3081 2525 3116 oz
2547 3081 2639 3123 τοὺς

192 3131 299 3179 βίους
318 3132 396 3167 τᾶν
418 3129 568 3180 ἀνδρῶν
590 3132 856 3178 συνταξάμενοι
878 3135 1097 3178 προειπεῖν66
1131 3138 1169 3169 et
1201 3146 1238 3179 p.
1268 3137 1337 3168 727
1370 3129 1449 3177 „nic
1480 3132 1520 3168 ἔτι
1542 3145 1581 3168 τε
1604 3134 1681 3168 τῶν
1705 3133 1981 3180 ἱστορουμένων
2003 3136 2088 3181 περὶ
2112 3137 2180 3170 τοῦ
2205 3133 2342 3180 ἀνδρὸς
2367 3134 2578 3182 ἀποδείξω·
2603 3144 2640 3175 et

190 3202 227 3235 p.
250 3191 321 3225 m
341 3189 491 3233 „tntt'tsoe
511 3189 580 3236 μὲν
603 3186 674 3228 οὖν
697 3189 808 3234 ἐστιν,
832 3187 858 3226 ἃ
880 3187 1192 3236 παραδεδώκασιν
1214 3186 1307 3235 ἡμῖν
1330 3189 1367 3225 oi
1390 3202 1457 3225 τον
1480 3190 1565 3237 βίον
1587 3190 1656 3225 τοῦ
1682 3185 1823 3235 ἀνδρὸς
1849 3187 2162 3238 ἀναγράψαντες*
2188 3194 2234 3227 de
2256 3194 2469 3229 Aristotele.

328 3247 392 3292 23)
416 3246 463 3282 de
485 3248 583 3283 adm.
606 3248 647 3284 vi
671 3247 818 3285 dicendi
838 3247 1028 3284 Demosth.
1053 3259 1088 3294 p.
1113 3250 1204 3283 1118
1222 3246 1376 3291 ,ριαίτοι
1399 3244 1511 3291 φύσει
1533 3245 1629 3291 πρὸς
1652 3247 1775 3283 ταῦτα
1799 3243 1844 3284 οὗ
1869 3246 1969 3284 πάνυ
1992 3244 2138 3293 εὐτυχεῖ
2158 3248 2409 3295 χρησάμενος,
2436 3246 2488 3291 ὥς
2510 3249 2638 3295 Δημή-

188 3313 292 3349 τριος
315 3298 337 3338 ὁ
364 3301 557 3349 Φαληρεύς
579 3314 685 3350 φησι,
709 3303 789 3341 καὶ
813 3303 857 3339 οἱ
879 3300 1013 3339 ἄλλοι
1035 3301 1209 3345 πάντες
1234 3302 1281 3339 οὶ
1303 3301 1389 3339 τὸν
1411 3303 1526 3351 βίον
1549 3299 1712 3340 αὐτοῦ
1743 3301 2166 3350 σνγγράψαντες.“
