2911 3749
344 256 527 299 Pertinet
553 258 637 299 huc
661 258 703 297 id
731 269 906 310 quoque,
936 256 1043 311 quod
1072 257 1114 297 in
1142 256 1271 309 prims
1300 256 1598 299 Demosthenes
1627 257 1813 298 oratione
1838 255 2109 296 Athenienses
2137 269 2253 297 suum
2281 257 2435 298 debere
2465 257 2599 298 secere

140 324 241 364 dixit
270 337 319 365 es
343 327 503 368 rstione
525 331 641 376 usus,
665 325 769 378 quis,
794 325 900 378 quod
928 326 1007 380 ipsi
1036 326 1106 367 diu
1134 325 1354 379 capitium,
1382 326 1433 367 sd
1462 325 1613 367 bellum
1642 324 1825 378 Olynthii
1854 327 1995 366 contra
2021 323 2250 378 Philippum
2279 322 2501 378 gerendum
2532 339 2599 365 ex-

140 393 250 434 citsti
279 397 430 443 essent,
459 396 523 443 et,
556 406 645 450 cum
675 394 717 436 in
746 394 923 437 secunde
951 407 1041 437 eum
1068 406 1156 436 rem
1183 405 1237 435 ne
1265 392 1408 436 leviter
1436 394 1597 448 quidem
1626 394 1952 447 perstrinxisset,
1980 394 2021 432 iu
2050 394 2170 432 tertia
2199 395 2364 446 ignavos
2393 396 2597 448 instigavit

141 475 205 512 eo,
234 459 342 518 quod
365 464 410 504 et
435 465 555 517 turpe
584 465 695 504 esset
719 462 760 504 in
789 463 951 519 incepto
978 474 1060 505 non
1088 465 1274 516 perstare
1302 465 1345 504 et
1369 463 1540 504 maxime
1564 463 1663 517 ipsis
1692 462 2008 503 Atheniensibus
2036 462 2319 514 periculosum.

408 539 437 575 1.
463 541 496 583 §-
523 543 556 576 8.
582 544 620 576 et
641 543 696 576 ⁷.=
735 534 824 576 οὐδὲ
852 538 923 586 γὰρ
945 537 1056 585 λόγος
1079 534 1169 575 οὐδὲ
1196 539 1336 586 σκῆψις
1359 535 1508 584 ἔθ’ὖμῖν
1530 539 1598 574 τοῦ
1616 536 1669 583 μὴ
1693 536 1741 573 τὰ
1764 536 1901 573 δέοντα
1923 540 2046 573 ποιεῖν
2070 535 2211 590 ἐθέλειν
2233 534 2485 574 ὑπολείπεται.
2510 540 2592 574 νυνὶ

542 606 626 654 γάρ,
652 604 674 644 ὃ
698 607 835 651 πάντες
859 606 1061 656 ἐθρυλεῖτε,
1088 603 1140 650 ὥς
1162 603 1386 650 Ὀλυνθίους
1412 605 1665 653 ἐκπολεμῶσαι
1688 606 1748 641 δεῖ
1768 606 1961 655 Φιλίππῳ,
1988 604 2136 652 γέγονεν
2160 603 2387 652 αὐτόματον,

405 677 471 713 ΠΙ.
496 680 529 722 S.
553 681 587 714 8.
613 682 652 715 et
673 682 731 716 9.=
765 679 806 715 τί
826 673 898 716 οὖν
919 674 1129 716 ὑπόλοιπον
1153 698 1200 706 --
1222 698 1268 706 —-
1290 676 1388 725 πλὴν
1410 678 1568 726 βοηθεῖν
1591 672 1805 722 ἐρρωμένως
1825 698 1870 703 -
1893 690 1961 719 -;
1995 674 2064 722 ἐγὼ
2088 673 2157 721 μὲν
2184 672 2252 721 οὐχ
2275 673 2362 720 ὁρῶ·
2386 677 2497 722 χωρὶς
2521 678 2590 723 γὰρ

542 747 614 794 τῆς
644 746 868 795 περιστάσης
900 745 949 785 ἆυ
981 744 1080 795 ἡμᾶς
1115 746 1291 794 αἰσχύνης
1314 768 1359 774 -
1382 768 1428 774 —
1459 744 1548 783 οὐδὲ
1580 745 1648 782 τὸν
1679 744 1802 793 φόβον
1836 767 1882 772 -
1904 767 1950 773 -
1978 745 2114 791 μικρὸν
2148 742 2225 789 ὁρῶ
2251 744 2318 780 τὸν
2340 746 2432 790 μετὰ
2455 748 2588 790 ταῦτα,

540 835 586 842 -
606 836 653 843 -
673 816 836 863 μηδενὸς
869 816 1044 865 ἐμποδὼν
1078 815 1188 860 ὄντος
1223 818 1393 866 Φιλίππῳ
1426 817 1473 853 τὰ
1507 815 1680 862 παρόντα
1704 814 2045 864 καταστρεψαμένῳ
2069 814 2166 861 πρὸς
2190 816 2311 850 ταῦτα
2336 813 2520 852 ἐπικλῖναι
2545 817 2590 852 τὰ

542 884 755 931 πράγματα.
781 900 812 924 e.
837 901 871 934 q.
897 901 927 924 s.
954 890 1028 935 ⁸¹).

334 942 489 995 Quodsi
517 957 608 986 cum
635 948 766 1001 prims
794 949 925 990 oratio
951 949 1172 990 hsberetur
1199 949 1395 990 societate
1424 948 1694 989 Athenienses
1722 946 1898 987 nondum
1936 947 1996 986 usi
2036 950 2172 996 erant,
2220 947 2348 987 etiam
2385 947 2588 988 aua-ilium

133 1014 220 1051 tum
249 1013 512 1068 consequitur
539 1014 591 1055 ab
616 1016 670 1057 ιῖε
694 1018 865 1059 nussum
892 1029 976 1058 non
993 1018 1147 1072 ficis-se.

400 1091 434 1134 S.
460 1092 517 1125 8.=
544 1086 644 1137 ἡμᾶς
667 1091 879 1141 διαβάλλων
901 1094 964 1129 καὶ
986 1094 1058 1141 τὴν
1083 1091 1273 1129 ἀπουσίαν
1297 1092 1368 1137 τὴν
1392 1090 1585 1137 ἡμετέραν,
1603 1117 1612 1127 .

130 1144 175 1181 ln
206 1145 289 1184 hoc
314 1147 420 1186 enim
450 1149 562 1189 dicto
593 1153 831 1204 explicando
857 1156 891 1192 si
918 1157 1006 1206 quis
1035 1160 1117 1194 tsm
1146 1156 1200 1193 sit
1227 1154 1357 1203 arguti
1384 1153 1526 1201 animi,
1568 1156 1613 1192 ut
1639 1150 1974 1200 Demosthenem,
2008 1149 2116 1202 qnod
2146 1150 2275 1200 cives,
2311 1164 2402 1192 cnm
2431 1165 2587 1195 merce-

127 1214 265 1253 nsi-ise
290 1215 452 1265 quidem
478 1220 623 1269 copiae
649 1220 871 1270 Olynthum
897 1223 1045 1262 missae
1073 1224 1233 1270 essent,
1269 1220 1345 1273 ipsi
1371 1223 1507 1261 tsmen
1536 1217 1748 1260 militatum
1777 1217 1874 1259 illuc
1900 1228 1981 1259 non
2010 1217 2196 1267 ivissent,
2238 1222 2380 1260 notare
2410 1221 2585 1262 voluisse

128 1281 474 1334 comminiscetur,
508 1299 560 1325 ex
588 1300 640 1327 eo
663 1287 761 1328 item
789 1293 932 1340 argute
959 1302 1155 1340 quaerere
1184 1287 1305 1339 licet,
1344 1300 1441 1329 num
1461 1299 1635 1340 usquam
1664 1298 1804 1327 omnes
1833 1286 1903 1327 ille
1931 1286 1973 1326 in
2004 1286 2183 1339 exercitu
2213 1286 2356 1328 edesse
2384 1289 2502 1340 velit,
2538 1295 2583 1330 ut

125 1347 178 1387 de
207 1351 434 1399 praesentis
459 1366 600 1395 eorum
625 1353 851 1411 (παρουσίᾳ)
881 1368 1053 1408 unqusm
1078 1354 1189 1408 loqui
1215 1354 1377 1397 licuerit
1402 1351 1478 1410 (cf.
1506 1353 1611 1395 Phil.
1640 1353 1669 1395 1.
1694 1353 1733 1409 §.
1763 1352 1868 1410 450.

329 1416 446 1472 Piget
473 1425 609 1463 sutem
637 1436 976 1481 commemorare,
1018 1436 1122 1475 quse
1150 1422 1204 1465 de
1230 1424 1570 1465 mercensriorum
1597 1423 1813 1463 missorum
1836 1423 1978 1463 nescio
2008 1435 2085 1475 qus
2112 1422 2190 1460 levi
2220 1435 2269 1462 sc
2295 1422 2480 1463 modesta
2507 1437 2580 1464 no-

125 1485 278 1526 tatione
306 1487 348 1527 in
376 1478 419 1528 Is
436 1502 496 1532 or.
525 1490 766 1544 indagarunt
795 1490 976 1546 (Rauch.
1008 1504 1048 1544 p.
1077 1488 1274 1547 XXVll.).
1334 1490 1520 1532 Trahunt
1549 1491 1633 1532 huc
1660 1492 1848 1532 nimirum
1877 1491 1916 1544 §.
1948 1491 2011 1529 2.:
2044 1494 2147 1538 ὅπως
2171 1518 2216 1523 -
2237 1498 2289 1544 μὴ
2315 1499 2465 1545 πάθητε
2490 1501 2578 1538 taz}-

123 1559 191 1594 τὸν
214 1558 306 1607 ὅπερ
329 1562 392 1598 καὶ
412 1563 607 1611 πρότερον,
639 1570 672 1611 S.
700 1570 779 1602 14.=
808 1567 872 1602 ἵνα
895 1567 1009 1612 ‚mire
1031 1586 1078 1593 -
1100 1587 1146 1593 —
1168 1567 1212 1603 τὸ
1234 1567 1440 1613 προΐεσθαι
1461 1564 1711 1602 καθ’ἔκαστον
1742 1564 1802 1602 oisc
1832 1581 1870 1602 τι
1904 1569 1981 1602 τῶν
2014 1565 2244 1609 πραγμάτων
2277 1565 2341 1608 ὦς’
2360 1566 2579 1612 ἀλυσιτελές.

122 1619 274 1661 Videre
305 1627 439 1664 autem
470 1626 613 1678 opinor
641 1626 868 1677 debebunt,
918 1641 942 1667 a
978 1626 1255 1668 Demosthene
1282 1627 1351 1668 hic
1377 1627 1648 1669 Athenienses
1677 1628 1865 1680 castigari
1895 1628 2042 1666 iccirco
2072 1625 2180 1678 quod
2211 1631 2578 1679 opportunitatibus

121 1688 423 1744 quibuscunque
449 1692 645 1746 neglectis
674 1706 768 1736 sero
797 1706 958 1747 semper
986 1694 1129 1734 auxilia
1152 1696 1320 1737 urbibus
1349 1709 1372 1736 s
1400 1695 1590 1748 Philippo
1618 1697 1859 1747 oppugnatis
1892 1696 2086 1736 miserint.
2146 1694 2210 1734 Cf.
2241 1694 2280 1748 §-
2311 1696 2374 1735 8.:

390 1764 436 1804 οὖ
457 1769 518 1805 δεῖ
533 1790 580 1796 -
600 1790 647 1797 —
670 1771 812 1804 παθεῖν
833 1766 975 1804 ταύτὸν
996 1767 1087 1813 ὅπερ
1112 1767 1187 1814 ἤδη
1212 1771 1392 1809 πολλάκις
1414 1769 1602 1814 πρότερον
1631 1768 1859 1812 πεπόνθατε,

119 1825 228 1875 quod
253 1838 334 1867 non
363 1829 546 1881 sequitur
562 1830 877 1887 ‚expeditionum
902 1830 1068 1869 duarum
1096 1841 1193 1880 quss
1221 1829 1361 1869 dicunt
1386 1829 1467 1869 hoc
1496 1827 1689 1880 Olynthio
1719 1829 1829 1870 bello
1858 1830 2078 1877 factarum,
2115 1828 2188 1869 sed
2223 1829 2573 1884 Amphipolitano-

117 1904 227 1942 rum,
263 1891 568 1945 Pydnseorum,
604 1894 773 1935 eliorum
800 1896 1128 1936 commemoratio
1157 1892 1326 1950 (Pinzg.
1351 1910 1416 1950 ep.
1450 1896 1607 1938 Rsuch.
1637 1895 1700 1935 ed.
1731 1896 1760 1938 1.
1790 1911 1830 1949 p.
1859 1896 1940 1946 55,
1983 1896 2155 1936 Becker.
2192 1911 2233 1949 p.
2261 1898 2367 1949 189,
2411 1900 2572 1943 Rauola,

117 1974 157 2012 p.
186 1960 351 2013 XXV.)-

323 2029 406 2069 Sed
433 2030 515 2070 hoc
542 2032 673 2083 ipsum
702 2044 847 2072 recens
876 2031 1040 2079 bellum,
1068 2043 1158 2071 cum
1188 2035 1328 2071 contra
1356 2032 1573 2083 Olynthios
1598 2033 1686 2084 geri
1714 2031 1871 2071 dicatur

388 2107 417 2142 1.
443 2109 476 2151 5.
503 2111 578 2143 la:
602 2103 722 2148 εὖθῦς
743 2103 956 2146 Ὀλυνθίοις
979 2104 1210 2152 ἐπεχείρησεν
1234 2108 1308 2153 ²2),

118 2178 198 2206 non
229 2171 363 2207 temen
388 2168 467 2208 ism
497 2168 717 2221 Olynthum
746 2169 872 2221 ipsam
893 2167 1103 2220 opprimit,
1133 2167 1205 2209 sed
1235 2181 1375 2208 eorum
1400 2167 1567 2209 urbibus
1596 2167 1635 2208 Ῐι.
1667 2181 1700 2208 e.
1735 2166 1978 2208 Chalcidicis
2009 2167 2130 2222 affert
2154 2169 2387 2222 periculum

386 2248 420 2289 ς.
445 2250 520 2282 17.=
545 2246 597 2293 τῷ
622 2244 688 2287 τὰς
712 2244 838 2286 πόλεις
861 2247 941 2286 τοῖς
962 2241 1182 2286 Ὀλυνθίοις
1207 2243 1361 2289 unigena„

115 2316 212 2355 ques
245 2305 368 2346 urbes
405 2306 462 2346 sit
498 2307 670 2359 scriptor
707 2306 741 2346 si
782 2304 993 2347 audientes
1032 2305 1110 2346 sibi
1146 2304 1355 2359 Philippus
1392 2304 1636 2355 reddiderit,
1691 2305 1844 2345 factum
1882 2305 1931 2344 iri
1970 2308 2015 2344 ut
2044 2305 2265 2356 Olynthum
2293 2310 2423 2360 capiat
2456 2315 2498 2349 et
2528 2313 2567 2350 in

113 2371 421 2415 Atheniensium
449 2374 626 2427 ipsorum
656 2378 803 2416 terrum
834 2373 985 2414 bellum
1013 2372 1173 2417 inseret.

153 2448 161 2452 ’
316 2441 391 2484 His
419 2441 567 2484 deinde
596 2442 762 2484 urbibus
790 2442 869 2483 ism
900 2453 981 2484 non
1010 2441 1183 2482 minetur
1208 2441 1374 2491 bellum,
1404 2440 1476 2480 sed
1506 2452 1553 2479 eo
1582 2446 1837 2494 occupantur
1866 2441 1999 2479 medio

380 2522 414 2564 §-
438 2523 495 2556 5.:
521 2519 636 2566 δῆλον
659 2517 729 2566 γάρ
754 2517 830 2556 ἐστι
854 2503 1185 2564 τοῖςὊλυνθίοις,
1210 2516 1271 2555 ὅτι
1294 2518 1364 2554 νῦν
1387 2538 1433 2545 --
1456 2519 1802 2562 volcacium„

251 2631 312 2674 ³¹)
340 2631 384 2666 In
407 2632 457 2668 iis
479 2636 616 2675 autem,
642 2643 738 2677 quae
762 2644 807 2667 ex
829 2632 952 2677 primu
975 2633 1143 2668 oratione
1166 2631 1431 2673 excitavimus,
1461 2629 1832 2666 animadvertendum
1857 2630 1970 2666 etiam
1993 2633 2188 2674 praeterea
2216 2634 2272 2665 est
2295 2631 2341 2667 ad
2365 2633 2451 2667 νυνί
2476 2646 2562 2680 par·

113 2686 252 2721 ticulae
277 2692 314 2721 et
339 2689 499 2732 perfecti
521 2689 699 2734 temporis
724 2685 908 2733 (γέγονεν)
936 2688 1201 2735 significatum.
1250 2689 1305 2724 cf.
1330 2690 1363 2731 §.
1388 2691 1442 2722 8.:

382 2738 428 2780 οὗ
445 2743 514 2780 ’δεῖ
534 2742 584 2791 δὴ
610 2743 784 2781 τοιοῦτον
803 2763 851 2771 -
873 2764 920 2771 -
943 2755 1289 2792 παραπεπτωκ
1303 2742 1323 2779 ό
1336 2755 1392 2779 τα
1414 2740 1550 2788 καιρὸν
1570 2739 1736 2788 ἀφεῖναι,

110 2810 205 2843 quae
232 2801 489 2846 opportunitas
510 2813 595 2837 cum
619 2802 813 2838 etiamtum
837 2801 993 2837 affuisse
1015 2803 1163 2838 dicutur
1187 2803 1309 2848 qualis
1335 2800 1491 2843 fuisset,
1533 2802 1566 2836 si
1601 2802 1660 2835 bis
1694 2802 1835 2834 frustra
1866 2800 2048 2834 auxilium
2074 2800 2324 2837 Athenienses
2358 2803 2557 2839 misissent.

109 2856 212 2891 Adde
235 2859 333 2902 quod
359 2863 443 2905 post
465 2859 633 2905 sequitur
658 2862 692 2903 5.
717 2863 770 2895 9.:

378 2914 463 2951 νυνὶ
486 2914 534 2961 δὴ
557 2915 691 2961 καιρὸς
714 2913 797 2962 ἥκει
819 2917 952 2962 (uiuit,
976 2928 1067 2962 ergo
1091 2916 1215 2959 adest)
1237 2926 1296 2955 τις
1322 2909 1446 2957 οὗτος,
1463 2941 1471 2949 .

112 2966 229 3002 Plane
252 2970 330 3006 elia
352 2973 521 3018 profecto
544 2973 692 3009 dicendi
715 2974 941 3020 comparatio
966 2977 1023 3007 est
1046 2972 1084 3006 in
1110 2972 1275 3007 oratione
1300 2972 1423 3014 tertie,
1448 2982 1542 3016 quae
1564 2971 1665 3014 huic,
1693 2970 1726 3006 si
1749 2971 1872 3005 credis
1895 2971 2090 3018 Dionysio,
2116 2974 2329 3015 antecessit,
2356 2975 2388 3015 §.
2414 2978 2464 3007 7.:

378 3027 630 3077 ἐκπολεμῶσαι
653 3031 734 3067 δεῖν
757 3027 912 3081 ᾠόμεθα
934 3051 979 3057 -
1002 3050 1046 3057 -
1072 3042 1104 3066 e.
1130 3042 1164 3076 q.
1190 3042 1219 3065 s.

246 3083 311 3129 ²2)
333 3084 409 3121 Hic
425 3098 478 3128 *no
498 3088 541 3141 id
562 3089 715 3135 quidem
738 3093 799 3127 est
820 3088 1101 3136 negligendum,
1124 3088 1222 3133 quod
1235 3097 1358 3121 >umam
1382 3089 1525 3122 tautum
1548 3089 1674 3122 orator
1693 3086 1865 3136 Philippi
1887 3088 1926 3122 in
1948 3087 2166 3134 Olynthum,
2193 3099 2304 3123 unum
2328 3087 2367 3123 in
2390 3086 2558 3125 Thessa-

108 3137 198 3172 liam
224 3141 496 3185 expeditionem
520 3147 749 3182 memoravit.
