2911 3749
1396 148 1452 188 17

405 279 641 322 Orationem
670 276 794 331 igitur
821 274 1320 330 Demosthenesvprimam
1349 278 1459 319 bello
1491 278 1627 319 medio
1658 278 1918 329 Chalcidico,
1975 277 2119 332 legatis
2149 280 2198 319 ab
2235 279 2440 333 Olynthiis
2471 285 2513 322 et
2542 282 2663 324 Chal-

194 348 423 392 cidensibus
452 348 600 390 foedus
631 349 674 386 et
702 346 888 387 auxilium
917 347 965 387 ab
997 345 1312 392 Atheniensibus
1348 348 1520 399 petitum
1548 348 1693 398 missis,
1734 352 1828 401 post
1855 346 2028 387 mediam
2059 348 2220 402 Olymp.
2250 348 2371 389 cvu.
2400 351 2430 390 4
2459 354 2657 392 aestatem

190 418 333 461 habuit
362 420 458 458 ante
488 427 606 468 quam
630 414 841 468 Philippus
868 416 910 455 in
942 414 1198 456 Thessaliam
1230 414 1480 464 discederet3
1528 416 1695 456 alteram
1726 421 1767 455 et
1797 417 1960 456 tertiam
1988 420 2154 469 postea3
2208 417 2318 457 illam
2346 429 2443 457 vere
2473 419 2655 461 eiusdem

190 489 305 538 anni,
343 498 436 527 cum
465 471 670 535 Olynthii,
709 483 878 523 foedere
905 484 1013 535 quod
1042 497 1133 523 cum
1162 482 1454 523 Macedonibus
1487 484 1669 524 fecerant
1697 489 1839 538 rupto,
1879 484 1991 524 bello
2022 497 2093 524 eos
2123 486 2350 536 petierunt;
2405 486 2511 526 hauc
2540 487 2654 527 deni-

191 568 270 610 que
298 555 427 607 ipsam
455 564 615 606 quoque
643 551 790 603 (Dion.
821 552 950 593 Amm.
976 552 1005 593 1.
1034 566 1074 607 p.
1106 548 1212 606 736)
1241 555 1336 592 ante
1362 551 1604 603 solstitium,
1633 553 1838 606 sequentis
1868 553 1961 593 anni
1989 551 2170 603 initium,
2213 566 2305 595 cum
2334 565 2476 595 eorum
2503 555 2652 595 tinibus

191 628 234 666 et
262 622 355 670 urbi
384 622 461 664 iste
488 621 741 662 minitaretur
769 620 860 673 ipsi.

1367 807 1478 863 VI.

392 895 508 936 Haec
538 905 629 935 cum
657 892 714 934 ita
742 895 836 945 sint,
863 895 943 935 iam
971 894 1112 945 nobis,
1139 895 1285 937 horum
1314 896 1515 936 bellorum
1540 907 1608 935 res
1639 906 1729 935 cum
1757 894 1863 947 ipsas
1893 906 2086 934 enarrare
2114 894 2363 943 conabimur,
2389 893 2496 946 quod
2526 893 2647 947 plane

187 952 390 1007 occultum
415 964 493 1014 sit,
521 976 652 1017 paene
680 962 846 1003 dixerim
875 964 976 1004 nihil
1003 964 1241 1003 invenietur.
1301 964 1432 1004 Multa
1462 968 1597 1004 autem
1628 976 1789 1012 eorum,
1819 976 1921 1015 quae
1950 963 2155 1016 disputata
2185 966 2300 1010 sunt,
2337 962 2524 1002 universa
2555 971 2646 1003 ora-

184 1033 339 1073 tionum
366 1033 689 1084 comparatione,
727 1046 852 1084 quae,
898 1045 989 1073 cum
1017 1031 1068 1071 ad
1097 1034 1390 1074 enarrationem
1419 1034 1528 1073 illam
1555 1033 1786 1073 necessario
1815 1033 2040 1084 pertineat,
2081 1031 2200 1072 simul
2225 1030 2495 1071 describenda
2523 1031 2644 1072 nobis

186 1104 273 1151 eat,
303 1099 538 1142 confirmata
565 1100 820 1141 videbuntur.

387 1168 598 1221 Philippus
626 1170 769 1220 igitur,
806 1171 898 1221 quia
926 1170 976 1210 ad
1006 1171 1230 1223 potentiam
1257 1182 1369 1210 suam
1399 1168 1711 1210 confirmandam
1738 1167 1939 1209 Thraciae
1964 1169 2041 1209 sibi
2069 1169 2208 1210 littora
2236 1167 2438 1209 subiicere
2470 1178 2641 1207 necesse

187 1237 319 1286 esset,
369 1231 447 1289 quo
474 1240 660 1289 tempore
689 1234 939 1277 Graecorum
967 1238 1122 1279 animos
1152 1236 1305 1279 bellum
1342 1248 1499 1278 sacrum
1526 1236 1745 1290 occupatos
1774 1235 1970 1287 habebat,
2006 1235 2166 1291 Olymp.
2196 1235 2318 1277 cvn.
2347 1247 2382 1274 a.
2414 1234 2465 1283 4,
2507 1233 2642 1273 media

185 1306 362 1355 aestate,
394 1302 766 1344 Chalcidicensibus
796 1303 953 1357 oppidis
980 1304 1133 1346 XXXII
1161 1305 1311 1347 bellum
1339 1305 1496 1356 intulit,
1535 1304 1726 1345 terrendo
1755 1307 1866 1344 ratus
1896 1307 1939 1343 et
1967 1304 2332 1344 clrcumscribendo
2362 1303 2484 1342 facile
2513 1315 2563 1341 ea
2593 1314 2640 1343 ae

184 1382 310 1424 posse
339 1372 581 1425 opprimere.
648 1372 709 1411 Ac
737 1371 990 1424 proditorum
1016 1378 1160 1427 postea
1195 1374 1357 1425 quidem
1392 1376 1542 1412 tantam
1570 1373 1639 1411 ille
1666 1374 1819 1411 invenit
1847 1373 2166 1421 multitudinem,
2192 1377 2236 1410 nt
2264 1373 2331 1409 vel
2359 1384 2438 1423 quo
2468 1383 2514 1409 se
2545 1383 2641 1409 con-

183 1443 365 1480 verteret
392 1441 524 1494 primo
552 1442 594 1479 et
622 1452 726 1493 quae
752 1441 884 1493 primo
915 1442 1115 1495 arriperet
1140 1443 1319 1481 nesciret
1348 1438 1491 1494 (Diod.
1522 1441 1630 1490 XVl,
1658 1441 1717 1480 52
1749 1454 1830 1493 sq„
1870 1441 1988 1480 Dem.
2020 1441 2066 1479 F.
2100 1441 2147 1479 L.
2178 1453 2219 1492 p.
2248 1436 2369 1492 425).
2458 1437 2541 1477 Sed
2570 1437 2640 1477 ad-

183 1507 360 1547 venienti
391 1510 528 1547 tamen
563 1519 646 1547 non
680 1509 813 1547 omnia
851 1509 985 1547 statim
1023 1520 1072 1548 ex
1100 1510 1300 1549 sententia
1327 1509 1504 1562 praedae
1539 1508 1699 1547 cedunt.
1786 1509 2045 1561 Quapropter
2074 1507 2277 1558 Olynthiis
2305 1506 2404 1558 ipsis
2433 1507 2565 1558 parcit
2594 1509 2640 1545 et

180 1575 348 1627 gratiam
378 1586 518 1614 eorum
548 1575 705 1625 quaerit
734 1573 809 1628 (cf.
839 1575 902 1614 De
930 1576 1074 1616 Chers.
1102 1577 1141 1628 §.
1171 1577 1262 1626 59).

383 1642 575 1681 Attamen
610 1642 656 1679 hi
689 1654 805 1681 more
842 1644 928 1682 eius
966 1645 1130 1696 cognito
1173 1644 1340 1683 urbibus
1377 1644 1458 1683 illis
1495 1649 1735 1684 succurrunt
1773 1648 1815 1683 et
1856 1642 2037 1682 Athenas
2081 1642 2148 1693 qui
2184 1640 2331 1681 foedus
2370 1644 2412 1680 et
2449 1639 2639 1680 auxilinm

180 1713 371 1764 expetant
406 1711 582 1749 mittunt.
669 1708 771 1748 Cum
808 1714 943 1749 autem
971 1713 1172 1750 societate
1202 1713 1377 1751 sortasse
1405 1717 1596 1764 accepta,
1635 1714 1743 1765 quod
1772 1712 1975 1762 Olynthiis
2004 1710 2102 1761 ipsis
2140 1710 2318 1749 nondum
2353 1711 2522 1749 instaret
2550 1708 2638 1748 bel-

177 1779 276 1828 lum,
304 1779 492 1823 auxilium
520 1778 761 1826 tardaretur,
791 1790 872 1817 non
897 1780 952 1817 ita
979 1780 1105 1817 multo
1133 1785 1240 1831 post,
1279 1782 1346 1829 qni
1372 1782 1610 1829 petitionem
1641 1793 1781 1818 eorum
1812 1779 2088 1817 efficaciorem
2115 1778 2357 1826 redderent,
2397 1789 2447 1817 ex
2477 1775 2639 1829 oppidis

177 1847 256 1886 illis
286 1846 530 1886 Chalcidicis
559 1845 823 1886 vehementer
851 1847 930 1885 iam
955 1859 980 1884 a
1006 1845 1196 1897 Philippo
1225 1846 1335 1887 hello
1364 1847 1516 1899 pressis
1545 1847 1669 1898 legati
1700 1846 1796 1886 illuc
1827 1850 2037 1886 venerunt.

312 1941 318 1947 .
384 1910 431 1952 ln
458 1912 698 1953 concionem
726 1916 870 1953 vocato
899 1912 1052 1965 populo
1081 1912 1320 1954 Atheniensi
1357 1914 1423 1954 alii
1458 1914 1648 1956 rhetores
1685 1917 1730 1954 ut
1766 1914 2005 1954 subveniant
2040 1912 2235 1963 suadent,
2287 1913 2356 1954 alii
2390 1911 2637 1958 dissuadent.

177 1982 267 2032 Quo
297 1980 408 2021 facto
436 1992 528 2020 cum
555 1979 599 2019 in
623 1991 808 2030 magnam
836 1980 957 2020 animi
986 1984 1124 2021 essent
1151 1981 1462 2022 haesitationem
1490 1982 1645 2030 vocati,
1704 1982 1919 2022 sustentati
1948 1980 2111 2022 tandem
2140 1981 2266 2034 legati
2302 1994 2326 2021 a
2360 1980 2636 2034 Demosthene

177 2052 292 2099 sunt,
319 2046 575 2089 velocissime
602 2046 800 2099 probante
824 2047 1139 2088 succurrendum
1167 2060 1260 2089 esse
1286 2048 1553 2100 omnibusque
1586 2048 1717 2088 socias
1746 2046 2029 2099 Olynthiorum
2060 2049 2183 2089 urbes
2211 2050 2363 2090 viribus
2394 2060 2633 2090 conservan·
2663 2056 2721 2090 Or.
2750 2056 2776 2090 L

177 2117 262 2159 das.
336 2115 499 2168 Alioqui
529 2114 636 2154 enim
666 2113 818 2154 factum
843 2114 916 2164 iri,
963 2118 1008 2154 ut
1035 2127 1116 2155 non
1141 2116 1271 2157 solum
1301 2115 1396 2154 illae
1422 2115 1544 2154 urbes
1574 2115 1804 2167 capiantur,
1849 2126 1929 2153 non
1959 2114 2089 2155 solum
2121 2115 2324 2167 Olynthus
2352 2120 2518 2169 pereat,
2559 2117 2634 2156 sed

176 2189 223 2225 ut
251 2184 330 2238 ipsi
359 2183 520 2224 Atticae
548 2182 700 2222 bellum
732 2182 982 2223 Macedones
1009 2183 1195 2223 inferant.
1267 2182 1360 2223 Hoc
1386 2186 1501 2222 metu
1527 2183 1680 2223 iniecto
1709 2195 1799 2222 cum
1830 2186 1967 2222 orator
1993 2184 2276 2224 necessitatem
2306 2185 2384 2224 sibi
2413 2183 2634 2237 opitulandi

176 2253 255 2294 illis
282 2252 582 2293 demonstrasse
610 2251 718 2291 visus
748 2254 877 2301 esset,
927 2251 980 2291 de
1007 2252 1165 2292 ratione
1190 2263 1351 2303 quoque
1379 2251 1600 2304 prudenter
1629 2255 1673 2290 et
1696 2251 1860 2290 fortiter
1888 2251 2077 2290 auxilium
2107 2252 2290 2303 ferendi,
2329 2253 2487 2306 perdita
2513 2253 2633 2292 resti-

176 2319 341 2370 tuendi,
376 2318 608 2373 Philippum
634 2319 797 2358 arcendi
825 2319 1048 2371 explicavit.
1124 2320 1301 2373 Legatos
1327 2320 1434 2358 enim
1463 2331 1555 2358 esse
1581 2319 1823 2367 mittendos,
1843 2319 1928 2369 -qui
1952 2319 1995 2357 in
2024 2320 2191 2359 urbibus
2219 2321 2298 2360 illis
2327 2333 2381 2360 ne
2409 2319 2505 2372 quid
2535 2331 2635 2359 con·

177 2388 384 2439 cedendo,
421 2387 664 2437 minitando,
694 2387 971 2427 calumniando
1001 2387 1209 2445 Philippus
1235 2387 1421 2428 efficeret
1450 2391 1660 2436 caverent;
1726 2387 1828 2427 duos
1860 2387 2060 2426 exercitus
2091 2389 2409 2441 comparandos,
2456 2401 2507 2427 ex
2538 2388 2634 2427 civi-

176 2460 255 2500 bus
281 2458 385 2513 ipsisv
396 2457 545 2497 milites
564 2456 890 2497 conscribendos.
949 2457 1053 2496 Tum
1085 2458 1286 2497 levissime
1311 2457 1550 2496 theatralem
1578 2457 1695 2496 istam
1727 2457 1963 2508 perstringit
1986 2458 2199 2508 pecuniam
2224 2459 2265 2496 in
2288 2458 2502 2498 militarem
2526 2469 2632 2496 mer·

178 2528 322 2569 cedem
351 2525 694 2574 commutandam3
748 2538 827 2578 qua
854 2526 1148 2577 significatione
1184 2527 1218 2565 si
1245 2527 1378 2566 minus
1407 2528 1664 2574 moveantur,
1709 2525 1861 2565 tributa
1889 2525 2001 2563 iubet
2028 2525 2225 2577 pendere.

384 2594 547 2634 Perfert
574 2594 730 2646 legem3
778 2593 886 2644 quod
914 2595 1109 2645 petebant
1136 2594 1260 2645 legati
1287 2595 1515 2646 impetrant.
1590 2593 1744 2653 Missus
1772 2595 1878 2633 enim
1908 2593 1980 2642 ⁴1)
2009 2593 2163 2633 Chares
2191 2599 2255 2633 est
2284 2607 2373 2633 cum
2401 2594 2531 2634 classe
2553 2607 2634 2634 aua

180 2664 222 2720 (τ
234 2670 288 2712 ὰς
309 2669 402 2716 μετὰ
424 2670 598 2717 Χάρητος
621 2667 811 2715 τριήρεις,
861 2660 1065 2716 ΡΙιίΖοοΙι.)
1102 2662 1310 2715 copiisque
1337 2661 1619 2712 mercenariis,
1668 2663 1735 2714 qui
1775 2663 1894 2702 urbes
1922 2661 2011 2700 illas
2047 2674 2070 2700 a
2097 2660 2275 2713 Philippi
2303 2662 2459 2715 impetu
2488 2662 2632 2703 defen-

178 2733 318 2781 deret3
374 2734 590 2784 praeterea
617 2730 903 2780 Charidemus,
949 2732 1017 2782 qui
1052 2742 1103 2771 eo
1135 2734 1321 2782 tempore
1357 2742 1448 2769 cum
1476 2730 1607 2777 classe
1635 2732 1676 2771 in
1702 2731 1974 2782 Hellesponto
2002 2729 2237 2769 versabatur
2263 2726 2337 2782 (cf.
2364 2723 2539 2784 Rumpf.
2569 2729 2632 2771 De

178 2799 343 2842 Charid.
372 2798 509 2848 Orita,
556 2798 687 2847 Giss.,
731 2811 771 2851 p.
802 2795 890 2853 12).
974 2799 1026 2838 Ei
1055 2802 1190 2849 tamen
1220 2809 1270 2838 ex
1298 2796 1586 2839 Demosthenis
1612 2798 1780 2838 consilio
1810 2798 2049 2849 imperatum
2082 2809 2165 2838 non
2193 2797 2301 2838 idem
2331 2801 2394 2838 est
2423 2797 2531 2850 quod
2558 2797 2630 2845 illi,

176 2870 273 2919 sed,
329 2873 375 2909 ut
398 2869 527 2922 ipsam
555 2865 859 2908 Macedonicam
888 2871 1036 2907 terram
1060 2864 1365 2920 populabundus
1393 2864 1623 2920 Philippum
1653 2868 1701 2906 ab
1731 2866 1975 2918 occupandis
2006 2865 2252 2908 Chalcidicis
2280 2866 2448 2908 urbibus
2472 2865 2628 2905 abstra-

175 2935 308 2976 heret.
393 2935 513 2988 Quod
540 2935 689 2975 iussum
715 2936 750 2976 is
779 2936 834 2976 ita
862 2936 983 2986 fecit,
1041 2939 1086 2973 ut
1115 2946 1204 2974 cum
1242 2933 1446 2986 Olynthiis
1487 2935 1711 2976 Bottiaeam
1750 2940 1792 2974 et
1821 2933 2033 2982 Pallenen,
2093 2946 2196 2986 quae
2240 2934 2318 2973 iam
2354 2937 2576 2986 occupatae
2603 2945 2628 2971 a

175 3002 471 3045 Macedonibus
499 3007 656 3054 essent,
698 3004 923 3044 devastaret
954 3001 1188 3058 (Philocli.)

308 3145 371 3190 ⁴¹)
395 3148 480 3191 post
505 3146 665 3191 etesias,
705 3148 898 3185 Zimmerm.
921 3161 956 3194 p.
982 3150 1037 3183 56.
